1742 2967
345 177 447 252 DE
497 205 931 253 BENEFICHS
984 207 1113 254 LIB.
1161 208 1194 254 1.
1317 223 1406 273 ¹39

135 308 296 370 quibus
315 308 537 371 possumus
559 309 736 373 quidem
757 310 910 358 vivere
924 347 936 366 ‚
956 310 1026 357 sed
1046 325 1092 357 ut
1112 327 1230 359 mors
1257 313 1408 374 potior

136 383 210 429 stt':
248 397 452 444 tanquam
482 383 681 441 libertas,
710 396 752 430 et
783 385 1016 446 pudicitia,
1050 399 1092 432 et
1126 401 1246 432 mens
1279 387 1410 434 bona.

136 457 237 502 Post
260 459 363 505 haec
378 459 631 505 habebimus
649 460 960 506 coniunctione
975 496 986 517 ‚
1006 477 1054 506 ac
1074 460 1298 522 sanguine,
1315 461 1411 506 usu-

133 549 243 594 que,
267 545 309 579 et
329 533 642 580 consuetudine
661 535 791 598 longa
806 571 818 590 ‚
847 552 969 581 cara:
988 548 1033 581 ut
1053 535 1234 593 liberos,
1252 534 1409 582 coniu-

132 621 234 668 ges,
260 621 462 666 penates,
483 620 736 669 ceteraque,
765 623 876 670 quae
902 624 1035 669 usque
1068 623 1123 653 eo
1143 606 1312 653 animus
1331 605 1410 653 fibi

134 681 345 741 applicuit
359 716 373 737 ,
393 695 439 726 ut
455 682 507 725 ab
526 682 608 728 {llis
622 718 634 736 ‚
653 699 784 744 quam
801 698 822 726 a
841 682 931 728 vita
949 681 1096 727 divelli
1115 681 1290 743 gravius
1309 681 1406 726 exi·

135 750 288 798 stimet.
323 754 650 813 Subsequuntur
683 754 835 810 utilia,
872 771 1060 816 quorum
1098 754 1218 800 varia
1252 766 1292 800 et
1325 754 1408 801 lata

132 827 313 872 materia
336 827 407 873 est.
434 828 518 873 Hic
543 828 622 872 erit
641 827 823 889 pecunia
848 842 937 872 non
955 826 1216 888 superfluens
1233 863 1244 884 ,
1264 826 1335 874 sed
1353 827 1408 874 ad

133 898 280 946 sanum
311 901 492 945 modum
524 899 710 945 habendi
735 910 881 960 parata
908 916 918 944 :
951 898 1020 943 hic
1053 898 1335 954 erit‘honor‚
1366 911 1409 946 et

131 972 354 1039 procefl‘us
388 973 439 1017 ad
478 972 628 1017 aitiora
666 972 953 1018 tendentium.
988 987 1069 1017 nec
1108 972 1222 1017 enim
1263 972 1407 1019 utilius

131 1047 367 1108 quidquam
399 1047 485 1098 est,
507 1064 635 1107 quam
669 1045 741 1091 sibi
764 1045 910 1092 utilem
935 1043 1043 1091 fieri.
1081 1049 1166 1091 lam
1196 1060 1337 1092 cetera
1354 1062 1406 1092 ex

130 1119 370 1165 abundanti
398 1120 607 1175 veniunt,
640 1120 844 1165 delicatos
877 1117 1051 1164 faftura.
1082 1122 1129 1163 ln
1155 1118 1219 1164 his
1251 1118 1405 1180 seque-

130 1209 228 1238 ntur
246 1225 260 1245 .
291 1203 337 1236 ιη
366 1192 696 1253 opportunitate
724 1203 837 1252 grata
870 1190 977 1246 sint,
998 1202 1043 1236 ut
1070 1205 1159 1234 non
1182 1189 1406 1253 vulgaria,

127 1281 327 1327 quaeque
353 1278 425 1310 aut
457 1265 582 1326 pauci
615 1260 869 1320 habuerint,
894 1275 964 1309 aut
1000 1262 1122 1325 pauci
1148 1262 1259 1308 intra
1293 1262 1405 1308 hanc

128 1351 313 1384 aetatem
331 1373 343 1393 ‚
361 1351 433 1383 aut
449 1337 534 1383 hoc
554 1338 691 1382 modo
710 1368 723 1391 ,
741 1351 848 1397 quae
869 1335 1030 1381 etiamsi
1053 1348 1201 1380 natura
1219 1333 1405 1395 pretiosa

128 1427 219 1456 non
251 1410 345 1456 sunt
369 1445 382 1465 ‚
414 1422 615 1470 tempore
644 1422 714 1453 aut
746 1408 848 1453 loco
884 1406 996 1452 fiant.
1032 1406 1268 1451 Videamus
1298 1406 1406 1469 quid

127 1483 323 1530 oblatum
339 1482 525 1529 maxime
544 1480 760 1542 voluptati
780 1479 971 1525 futurum
991 1477 1061 1532 fit,
1079 1478 1183 1540 quid
1202 1476 1405 1541 frequen-

127 1568 193 1602 ter
210 1555 493 1602 occursurum
516 1554 688 1600 habenti
706 1589 717 1610 ‚
743 1569 791 1599 ut
811 1552 940 1598 toties
960 1551 1210 1608 nobiscum,
1231 1552 1404 1613 quoties

127 1645 229 1676 cum
259 1627 336 1673 illo
357 1627 416 1672 sit.
436 1627 602 1689 Utique
621 1625 895 1680 cavebimus,
919 1641 973 1670 ne
991 1640 1172 1671 munera
1196 1623 1402 1685 superva-

126 1717 208 1748 cua
228 1700 448 1746 mittamus
476 1717 486 1744 :
519 1711 565 1744 ut
590 1697 776 1744 feminae
801 1710 872 1743 aut
894 1698 980 1743 seni
1009 1713 1126 1741 arma
1152 1696 1400 1753 venatoria,

99 1765 101 1769 Α
126 1786 201 1818 aut
228 1770 388 1817 rustico
414 1771 574 1825 libros,
610 1783 680 1815 aut
705 1770 850 1816 studiis
881 1786 929 1815 ac
955 1769 1086 1814 literis
1114 1770 1261 1814 dedito
1281 1770 1402 1815 retia.

127 1845 282 1907 Aeque
310 1860 362 1889 ex
381 1841 604 1889 contrario
628 1841 1052 1904 circumspiciemus‚
1084 1857 1137 1887 ne
1161 1842 1261 1887 dum
1282 1854 1400 1904 grata

124 1915 543 1967 mitterevolumus,
576 1914 697 1960 suum
718 1912 871 1976 cuique
892 1914 1095 1959 morbum
1114 1913 1401 1975 exprobratu-

124 2005 169 2035 ra
189 1988 407 2034 mittamus
426 2005 435 2031 t
453 1988 555 2033 sicut
575 1986 750 2032 ebrioso
765 1985 889 2043 vina,
909 2002 952 2032 et
974 1985 1289 2032 valetudinario
1308 2003 1402 2033 me-

124 2061 382 2110 dicamenta.
402 2060 676 2107 Maledictum
700 2059 815 2105 enim
829 2058 979 2120 incipit
993 2058 1075 2105 effe
1089 2093 1103 2117 ‚
1121 2074 1213 2105 non
1226 2075 1398 2117 munus,

123 2133 169 2182 in
187 2148 277 2195 qu'o
297 2134 452 2180 vitium
477 2131 729 2194 accipientis
748 2130 1008 2194 agnoscitur.

188 2210 288 2254 ΧΠ.
310 2207 351 2252 Si
377 2207 601 2252 arbitrium
629 2205 758 2251 dandi
786 2221 918 2266 penes
942 2221 1021 2250 nos
1040 2202 1126 2261 est,
1156 2203 1397 2265 praecipue

124 2281 322 2330 mansura
340 2296 610 2342 quaeremus,
629 2291 677 2324 ut
694 2295 824 2340 quam
843 2277 1022 2323 minime
1042 2277 1222 2323 mortale
1240 2291 1396 2321 munus

123 2353 186 2399 fit.
215 2353 344 2400 Pauci
369 2352 483 2400 enim
506 2351 602 2397 sunt
624 2364 710 2396 tam
731 2350 867 2412 grati,
899 2363 947 2396 ut
968 2349 1089 2410 quod
1120 2348 1398 2410 acceperint,

124 2426 285 2478 etiamsi
318 2443 408 2471 non
435 2425 618 2482 vident,
641 2424 849 2487 cogitent.
886 2421 1064 2484 Ingratis
1094 2435 1274 2483 quoque
1302 2435 1395 2464 me-

126 2498 270 2550 motia
287 2515 386 2549 cum
409 2497 503 2562 ipso
519 2513 699 2547 munere
717 2493 928 2543 incurrit:
945 2491 1130 2541 ubiante
1148 2491 1300 2540 oculos
1311 2488 1396 2546 est,
