1742 2967
414 194 512 243 DE
557 194 988 242 BENEFICIIS
1040 197 1169 243 LIB.
1217 199 1286 244 ΙΙΙ.
1403 196 1490 247 185

216 301 296 359 tia,
322 318 432 365 quae
456 317 545 346 non
567 317 683 359 rem,
705 300 775 347 sed
800 300 890 348 vim
919 301 980 347 rei
1004 301 1185 364 quaerit.
1208 302 1369 349 Eadem
1395 302 1496 351 licet

219 375 321 433 fint,
343 376 464 422 aliter
492 375 588 420 data
621 391 710 420 non
740 374 855 420 idem
884 375 1090 436 pendent.
1119 374 1257 422 Dedit
1288 375 1392 421 mihi
1423 376 1494 424 hic

215 445 479 494 beneficium
500 462 511 490 t
533 445 603 491 sed
625 461 714 490 non
737 445 946 503 libenter,
973 444 1045 492 sed
1069 445 1231 492 dediffe
1253 445 1294 493 se
1320 446 1495 509 questus

215 521 301 578 est,
322 522 391 568 sed
413 520 634 583 superbius
657 537 726 566 me
745 535 874 583 quam
898 517 1079 576 solebat,
1101 516 1264 581 aspexit
1283 534 1292 563 :
1316 518 1387 564 sed
1406 533 1494 564 tam

214 593 334 638 tarde
355 589 496 648 dedit,
519 606 565 638 ut
591 591 685 652 plus
707 588 983 652 praestiturus
1005 588 1153 647 fuerit,
1179 588 1207 635 si
1234 588 1324 636 cito
1344 589 1493 652 negas-

211 667 285 714 set.
321 668 494 714 Horum
532 666 767 729 quomodo
797 665 927 710 iudex
961 663 1088 710 inibit
1116 662 1455 711 aestimationem
1474 696 1490 721 ,

210 757 310 788 cum
349 740 490 787 sermo
507 776 520 797 ‚
550 752 591 786 et
619 738 835 785 dubitatio
857 773 872 796 ‚
898 751 940 784 et
971 737 1114 785 vultus
1143 735 1285 783 meriti
1308 738 1492 802 gratiam

209 815 457 862 destruant?
1275 828 1278 830 ’

275 892 353 936 ΙΧ.
378 888 500 949 Quid
519 888 641 952 quod
662 887 871 951 quaedam
893 882 1103 932 beneficia
1124 895 1367 940 vocantur,
1388 884 1490 949 quia

209 963 338 1012 nimis
375 963 748 1026 concupiscuntur
778 980 788 1008 :
826 962 1037 1025 quaedam
1075 976 1166 1005 non
1194 959 1290 1007 sunt
1322 977 1377 1007 ex
1407 961 1489 1009 hac

209 1037 380 1100 vulgari
415 1048 517 1082 nota
534 1072 546 1091 ,
575 1035 645 1081 sed
668 1035 855 1090 maiora,
878 1031 1043 1078 etiamsi
1075 1031 1217 1077 minus
1244 1030 1486 1092 apparent?

205 1108 472 1156 Beneficium
494 1124 653 1161 vocas,
675 1106 836 1153 dedisse
854 1103 1044 1167 potentis
1061 1101 1212 1164 populi
1236 1102 1456 1149 civitatem
1471 1136 1487 1160 ,

203 1179 249 1227 in
264 1181 599 1243 quatuordecim
616 1177 850 1234 deduxisse,
865 1192 907 1224 et
925 1174 1163 1222 defendisse
1175 1173 1325 1238 capitis
1337 1191 1483 1223 reum:
1502 1188 1507 1192 '

202 1253 310 1316 quid
335 1252 453 1300 utilia
473 1252 666 1299 suafiffe?
692 1250 797 1314 quid
816 1247 1036 1296 retinuisse
1053 1282 1067 1303 ,
1087 1263 1140 1293 ne
1158 1247 1202 1292 in
1222 1246 1357 1294 scelus
1378 1263 1483 1294 rue-

200 1326 297 1372 ret?
319 1326 426 1389 quid
445 1325 635 1388 gladium
655 1323 881 1371 excussisse
902 1321 1150 1368 morituro?
1169 1318 1275 1384 quid
1292 1320 1482 1368 efficaci-

198 1397 280 1444 bus
303 1398 507 1444 remediis
532 1397 786 1445 refocillaffe
805 1398 1023 1462 lugentem
1038 1431 1052 1455 ,
1072 1407 1114 1442 et
1129 1412 1242 1460 quos
1260 1396 1480 1443 desideras

197 1472 272 1517 bat
302 1471 528 1517 volentem
559 1471 708 1535 sequi,
741 1472 795 1517 ad
828 1471 942 1518 vitae
968 1469 1194 1517 confilium
1227 1468 1478 1516 reduxisse?

197 1543 305 1606 quid
332 1543 523 1590 affediffe
544 1560 710 1607 aegro,
742 1555 785 1592 et
815 1561 917 1592 cum
935 1542 1145 1592 valetudo
1171 1541 1262 1589 eius
1291 1558 1341 1589 ac
1368 1541 1478 1591 salus

195 1617 432 1662 momentis
459 1616 696 1675 constaret,
715 1616 928 1680 excepiffe
946 1616 1104 1664 idonea
1126 1614 1227 1663 cibo
1247 1627 1476 1678 tempora,

193 1702 237 1734 et
262 1690 465 1737 cadentes
488 1706 624 1738 venas
646 1690 754 1737 vino
774 1689 969 1738 refeciffe
984 1725 998 1748 ,
1017 1702 1060 1735 et
1082 1688 1300 1735 medicum
1330 1689 1473 1736 addu-

193 1762 299 1809 xiffe
321 1763 554 1810 morienti?
584 1765 703 1811 Haec
730 1762 826 1827 quis
854 1762 1237 1826 aestimabit?quis
1257 1763 1472 1809 dissimili-

190 1835 274 1883 bus
297 1836 517 1885 beneficiis
536 1838 702 1885 iubebit
727 1836 939 1885 beneficia
958 1837 1148 1900 pensari?
1173 1836 1375 1884 Donavit
1391 1835 1473 1884 tibi

190 1909 374 1956 domum
396 1928 407 1956 ε
428 1910 499 1957 sed
517 1927 603 1974 ego
622 1922 739 1958 tuam
757 1910 880 1974 supra
898 1921 940 1958 te
960 1926 1085 1957 ruere
1101 1909 1313 1972 praedixi.
1331 1908 1470 1957 Dedit

189 1980 268 2028 tibi
288 1983 603 2044 patrimonium
625 2000 636 2030 ε
654 1983 725 2031 sed
743 1999 827 2047 ego
844 1982 1052 2047 naufrago
1071 1982 1275 2029 tabulam.
1295 1983 1468 2045 Pugna-

189 2054 256 2102 vit
279 2072 362 2117 pro
383 2070 452 2114 te,
482 2068 524 2103 et
546 2057 724 2104 vulnera
743 2056 939 2119 excepit:
959 2067 1002 2103 at
1026 2071 1111 2119 ego
1140 2056 1276 2103 vitam
1302 2055 1381 2102 tibi
1407 2055 1464 2103 fi-

186 2127 326 2175 lentio
345 2130 460 2176 dedi.
479 2131 594 2176 Cum
613 2130 740 2177 aliter
756 2129 1019 2179 beneficium
1047 2130 1197 2190 detur,
1219 2129 1341 2178 aliter
1359 2129 1462 2177 red·

184 2201 336 2259 datur,
356 2204 475 2265 paria
492 2203 638 2252 facere
661 2205 836 2253 difficile
860 2205 934 2255 est.

249 2276 308 2322 X.
322 2277 432 2323 Dies
445 2289 663 2340 praeterea
681 2277 899 2326 beneficio
919 2280 1146 2328 reddendo
1166 2296 1257 2327 non
1275 2280 1460 2338 dicitur,

182 2346 289 2394 sicut
312 2349 524 2410 pecuniae
548 2349 752 2397 creditae.
786 2352 934 2415 Itaque
955 2352 1123 2415 potest,
1155 2353 1231 2416 qui
1259 2353 1459 2401 nondum

180 2421 395 2479 reddidit,
421 2423 619 2470 reddere.
648 2424 740 2471 Dic
758 2425 873 2471 enim
887 2461 900 2484 ,
921 2426 1032 2472 intra
1049 2426 1173 2489 quod
1191 2437 1362 2488 tempus
1383 2427 1459 2475 de-

179 2494 472 2555 prehendetur
487 2496 704 2562 ingratus?
719 2498 906 2545 maxima
921 2497 1130 2546 beneficia
1148 2499 1456 2561 probationem

1088 2566 1140 2610 Μ
1175 2583 1198 2630 3
