1742 2967
386 138 487 219 Da
530 171 954 218 Bauer-ictis
1004 172 1137 241 Liss.
1188 174 1258 220 111.
1370 168 1460 237 '185

255 279 362 325 XV.
389 276 569 324 Utinam
589 277 767 340 quidem
787 277 1040 341 persuadere
1067 278 1306 342 possemus,
1324 294 1371 325 ut
1390 295 1468 343 pe-

190 351 338 400 cunias
361 349 544 398 creditas
575 360 738 396 tantum
761 369 781 396 a
806 350 1058 397 volentibus
1084 350 1355 413 acciperent!
1380 353 1469 398 uti-

190 441 294 471 nam
329 422 442 470 nulla
481 421 693 484 stipulatio
723 437 937 469 emtorem
970 424 1193 469 venditori
1231 423 1469 486 obligaret!

190 513 272 543 nec
286 496 406 559 pach
428 510 735 556 conventaque
754 495 964 558 impressis
981 495 1107 558 signis
1125 495 1470 543 custodirentur!

191 567 298 616 fides
321 567 468 631 potius
492 566 563 613 illa
588 569 774 614 servaret
791 604 804 624 ‚
831 580 872 613 et
891 586 1079 632 aequum
1105 570 1252 616 colens
1279 568 1470 618 animus!

193 642 277 689 Sed
297 638 526 687 neceffaria
546 639 724 702 optimis
740 640 1062 702 praetulerunt,
1084 654 1125 688 et
1144 658 1300 705 cogere
1321 640 1472 700 fidem,

192 731 324 779 quam
342 712 534 776 speRare
549 747 562 770 ,
586 712 762 759 malunt.
781 712 1057 760 Adhibentur
1077 714 1130 760 ab
1149 727 1331 777 utraque
1349 726 1472 778 parte

190 788 331 837 testes,
376 786 447 833 ille
477 804 556 849 per
584 787 746 833 tabulas
773 788 963 849 plurium
1000 788 1181 834 nomina
1212 788 1474 852 interpositis

191 860 369 925 parariis
393 859 520 905 facit:
557 859 625 906 ille
653 859 824 905 nonest
847 859 1191 924 interrogatione
1212 873 1440 909 contentus
1458 896 1474 920 ,

192 933 271 980 nisi
294 949 415 979 reum
437 948 569 978 manu
593 931 663 977 sua
683 932 835 978 tenuit.
852 933 896 978 O
917 945 1088 996 turpem
1111 933 1305 979 humano
1325 933 1474 996 generi

194 1005 357 1056 fraudis
386 1022 436 1052 ac
462 1004 680 1068 nequitiae
707 1004 904 1068 publicae
935 1005 1279 1053 confeffionem!
1307 1008 1476 1055 annulis

194 1079 353 1126 nostris
374 1080 498 1143 plus,
527 1094 655 1142 quam
679 1078 833 1125 animis
862 1079 1069 1126 creditur.
1093 1082 1139 1125 In
1166 1080 1274 1143 quid
1302 1080 1368 1126 isti
1387 1079 1475 1128 viri

194 1152 339 1201 ornati
357 1153 538 1201 adhibiti
552 1152 670 1200 sunt?
693 1153 737 1200 in
756 1153 862 1217 quid
879 1153 1135 1217 imprimunt
1151 1152 1296 1216 signa?
1316 1170 1478 1216 nempe

194 1246 250 1276 ne
275 1229 346 1276 ille
378 1244 506 1293 neget
533 1228 746 1292 accepifl‘e
774 1230 814 1275 se
832 1230 956 1292 quod
985 1228 1169 1290 accepit.
1195 1229 1291 1275 Hos
1321 1228 1475 1274 incor-

195 1314 351 1363 ruptos
376 1301 525 1360 viros,
553 1314 596 1349 et
621 1302 823 1349 vindices
850 1302 1048 1349 veritatis
1076 1301 1323 1349 existimas?
1351 1313 1391 1346 at
1410 1299 1477 1346 his

195 1376 296 1440 ipfis
313 1376 453 1422 statim
469 1393 558 1422 non
577 1376 701 1423 aliter
715 1375 924 1438 pecuniae
943 1377 1289 1423 committentur.
1310 1378 1369 1420 lta
1385 1390 1477 1420 non

194 1450 424 1498 ,honestius
441 1460 532 1496 erat
553 1467 577 1495 a
597 1449 854 1513 quibusdam
873 1448 1003 1498 fidem
1019 1449 1139 1505 falli,
1158 1465 1287 1513 quam
1308 1447 1362 1493 ab
1380 1463 1479 1493 om·

198 1523 326 1570 nibus
350 1522 577 1586 perfidiam
613 1522 789 1570 timeri?
819 1525 920 1570 Hoc
942 1541 1082 1570 unum
1107 1522 1224 1571 deest
1249 1519 1482 1577 avaritiae,

199 1608 248 1644 ut
272 1595 482 1644 beneficia
503 1595 589 1644 fine
616 1595 828 1659 sponsore
847 1613 936 1643 non
960 1598 1126 1645 demus.
1156 1593 1368 1643 Generosi
1387 1594 1482 1639 ani-

199 1670 262 1716 mi
281 1680 325 1716 et
343 1668 564 1733 magnifici
580 1669 640 1716 est
648 1704 662 1728 ‚
679 1669 831 1716 iuvare
851 1682 895 1716 et
913 1669 1129 1733 prodeffe.
1147 1669 1223 1733 qui
1245 1669 1317 1715 dat
1343 1668 1482 1713 bene-

201 1742 300 1789 ficia
312 1778 326 1801 ,
353 1743 461 1790 deos
482 1742 702 1791 imitatur:
722 1743 797 1805 qui
814 1744 971 1807 repetit
986 1779 999 1801 ‚
1017 1742 1330 1790 foeneratores.
1357 1740 1483 1801 Quid

201 1814 325 1874 illos,
351 1815 457 1862 dum
476 1815 775 1871 vindicamus,
803 1816 847 1862 in
866 1816 1037 1863 turbam
1060 1813 1392 1861 sordidiffimam
1412 1828 1481 1858 re-

201 1887 420 1952 digimus?

268 1963 393 2009 XVI.
411 1960 555 2007 Plures
569 1995 583 2018 ,
602 1957 769 2023 inquit,
789 1957 943 2021 ingrati
964 1969 1119 2012 erunt,
1138 1956 1168 2002 fi
1188 1955 1304 2006 nulla
1324 1954 1483 2002 adver·

205 2034 274 2082 sus
294 2034 513 2097 ingratum
543 2033 669 2078 datur
687 2031 816 2078 affio.
845 2034 987 2077 Immo
1016 2030 1188 2092 potius,
1219 2028 1482 2091 pauciores:

205 2107 309 2171 quia
329 2106 495 2153 maiore
513 2105 678 2152 delean
693 2104 911 2151 dabuntur
926 2103 1150 2151 beneficia.
1169 2101 1344 2150 Deinde
1358 2136 1371 2159 ,
1390 2117 1482 2146 non

206 2179 382 2241 expedit
419 2190 574 2224 notum
612 2178 818 2225 omnibus
855 2177 948 2224 fieri
965 2213 976 2234 ,
1001 2193 1136 2239 quam
1173 2172 1297 2221 multi
1325 2171 1483 2236 ingrati

207 2252 303 2299 sint.
322 2252 538 2314 pudorem
565 2250 681 2296 enim
703 2250 766 2296 rei
786 2250 883 2296 tolle
866 2262 905 2295 t
925 2249 1161 2294 multitudo
1182 2244 1483 2310 peccantium:

209 2338 253 2371 et
287 2323 446 2370 desinet
481 2322 568 2369 effe
576 2323 755 2396 probri
783 2323 887 2367 loco
918 2337 1157 2367 commune
1192 2316 1487 2365 maledicium.

212 2395 470 2460 Numquid
459 2412 545 2441 iam
563 2380 648 2441 ulla
667 2394 852 2457 repudio
877 2392 1116 2450 erubescit,
1135 2390 1363 2454 postquam
1390 2388 1487 2434 illu-

212 2469 318 2518 stres
345 2470 555 2535 quaedam
589 2485 640 2516 ac
668 2467 840 2515 nobiles
884 2465 1099 2526 feminae,
1135 2481 1229 2512 non
1258 2459 1485 2512 consulum
