1742 2967
139 79 159 107 ἱ

329 114 430 181 ΒΕ
482 136 896 185 mammetis
945 142 1070 188 Lm.
1116 144 1193 189 vt.
1311 159 1395 206 303

136 240 353 288 institores
388 241 662 290 delicatarum
702 244 912 291 mercium
954 246 1156 293 iuventus
1198 262 1401 312 corrupta

135 315 389 379 locupletat.
406 316 519 362 nulla
535 318 803 379 tempestate,
822 319 942 365 nullo
959 319 1058 382 igne
1074 321 1294 369 laedantur
1312 336 1403 371 tec-

135 396 209 431 ta:
240 386 396 433 iacebit
424 402 557 449 opera
584 387 761 436 fabrilis.
808 389 946 436 Unius
974 402 1128 437 votum
1157 392 1398 455 deprehen-

136 458 227 504 sum
249 457 335 517 est,
355 459 553 505 omnium
568 459 701 508 fimile
724 461 796 508 est.
820 464 889 508 An
909 475 954 509 tu
983 465 1230 512 Arruntium
1247 502 1259 524 ,
1280 480 1321 514 et
1341 473 1399 514 A-

134 531 293 578 terium
308 564 323 588 ,
345 543 388 578 et
410 544 577 581 ceteros
609 535 684 597 qui
707 535 1018 597 captandorum
1047 537 1401 601 testamentorum

135 616 272 650 artem
291 604 467 666 profesti
494 606 613 663 sunt,
633 623 725 653 non
753 619 874 669 putas
905 609 1056 655 eadem
1077 604 1262 670 habere,
1292 629 1401 675 quae

135 676 425 738 designatores
441 689 482 723 et
499 676 756 724 libitinarios
770 712 782 732 ,
803 676 906 724 vote
927 679 943 726 ?
963 680 1023 726 illi
1041 694 1186 729 tamen
1209 700 1400 747 quorum

135 762 301 796 mortes
329 762 505 812 optent,
533 751 759 797 nesciunt:
781 751 825 799 hi
853 750 1223 802 familiariffimum
1252 775 1401 820 quem-

133 839 251 886 que,v
279 839 332 869 ex
355 841 447 887 quo
474 839 654 887 propter
677 825 909 872 amicitiam
935 828 1023 890 spei
1050 829 1281 890 plurimum
1311 831 1400 888 est,
1473 862 1477 866 -

134 897 251 944 mori
281 897 471 957 cupiunt.
493 897 670 943 Illorum
690 897 852 944 damno
869 916 1002 946 nemo
1025 901 1165 947 vivit:
1187 903 1266 948 hos
1285 903 1401 966 quis-

134 971 234 1034 quis
262 969 431 1028 differt,
463 970 672 1018 exhaurit.
708 972 875 1034 Optant
895 988 1003 1035 ergo
1020 1008 1031 1029 ,
1055 989 1144 1019 non
1169 986 1334 1020 tantum
1355 987 1404 1022 ut

136 1044 374 1106 accipiant,
393 1044 514 1108 quod
533 1044 647 1106 turpi
667 1044 874 1091 servitute
891 1058 1162 1105 meruerunt,
1185 1049 1256 1096 sed
1275 1049 1401 1096 etiam

134 1132 184 1163 ut
201 1117 368 1163 tributo
397 1117 518 1180 gravi
543 1116 789 1163 liberentur.
816 1119 919 1162 Non
942 1117 1002 1164 est
1028 1117 1170 1179 itaque
1195 1119 1401 1179 dubium,

135 1191 241 1254 quin
263 1190 307 1237 hi
338 1191 472 1254 magis
497 1189 620 1254 quod
643 1190 891 1236 damnatum
923 1189 982 1236 est
1001 1189 1045 1236 in
1069 1208 1160 1237 uno
1176 1227 1189 1249 ‚
1212 1207 1365 1255 optent
1388 1212 1400 1240 :

134 1264 289 1327 quibus
325 1264 520 1328 quisquis
553 1274 695 1311 morte
731 1262 986 1326 profuturus
1013 1263 1098 1322 est,
1130 1265 1218 1312 vita
1256 1279 1402 1314 nocet.

133 1337 352 1384 Omnium
371 1350 517 1385 tamen
540 1338 719 1385 istorum
750 1351 837 1383 tam
863 1349 964 1384 nota
983 1338 1080 1384 sunt
1107 1351 1240 1395 vota,
1268 1356 1400 1401 quam

131 1409 357 1472 impunita.
388 1409 596 1471 Denique
616 1409 657 1455 se
687 1406 866 1471 quisque
889 1409 1106 1464 consulat,
1125 1424 1167 1456 et
1191 1409 1235 1455 in
1263 1410 1401 1457 secre-

132 1493 223 1527 tum
243 1481 428 1543 pekioris
441 1481 504 1527 sui
522 1481 670 1527 redeat
682 1515 694 1536 ‚
709 1492 752 1526 et
769 1479 962 1542 inspiciat
979 1481 1088 1543 quid
1105 1481 1256 1529 tacitus
1272 1494 1402 1543 opta-

133 1556 260 1603 verit.
285 1572 415 1618 quam
444 1555 578 1601 multa
598 1555 693 1600 sunt
714 1568 843 1610 vota,
878 1570 986 1616 quae
1015 1555 1144 1601 etiam
1174 1553 1251 1600 fibi
1274 1555 1401 1601 fateri

132 1626 295 1690 pudet!
324 1645 456 1691 quam
476 1645 615 1691 pauca
634 1660 648 1684 ‚
676 1645 784 1691 quae
814 1628 954 1675 facere
983 1644 1134 1675 ceram
1165 1627 1269 1675 teste
1300 1628 1402 1691 pos-

132 1702 283 1749 fimus!

176 1775 397 1822 XXXIX.
411 1774 495 1821 Sed
507 1791 597 1820 non
611 1773 823 1837 quidquid
837 1773 1260 1836 reprehendendum,
1272 1774 1403 1822 etiam

134 1847 425 1894 damnandum
438 1846 519 1893 est:
536 1845 639 1893 ficut
652 1847 738 1893 hoc
752 1858 906 1894 votum
925 1846 1067 1902 amici,
1083 1848 1202 1910 quod
1218 1848 1258 1892 in
1275 1847 1403 1894 mani-

130 1919 211 1966 bus
230 1919 304 1976 est,
318 1919 428 1966 male
442 1919 598 1965 utentis
614 1919 729 1966 bona
743 1920 981 1976 voluntate,
996 1931 1038 1964 et
1051 1920 1094 1965 in
1110 1920 1153 1965 id
1166 1920 1319 1967 vitium
1337 1920 1405 1966 in-

133 1991 340 2046 cidentis,
358 1993 481 2055 quod
503 1991 654 2039 evitat.
688 2009 786 2037 nam
810 1992 912 2036 dum
933 2009 1098 2054 gratum
1125 1993 1316 2038 animum
1343 1991 1403 2038 fe-

132 2064 261 2111 stinat
281 2065 506 2112 ostendere
522 2099 535 2121 ,
553 2065 743 2127 ingratus
762 2064 834 2111 est.
857 2065 960 2121 Hic,
981 2065 1063 2122 ait,
1081 2066 1124 2110 in
1148 2064 1403 2126 potestatem

131 2154 275 2183 meam
306 2138 495 2191 recidat,
521 2138 699 2199 ‘gratiam
729 2153 869 2184 meam
887 2136 1119 2196 desideret,
1137 2137 1222 2183 fine
1242 2152 1310 2181 me
1325 2135 1403 2181 sal-

131 2226 239 2265 vus,
255 2209 458 2255 honestus
471 2245 484 2265 ,
503 2221 620 2256 tutus
639 2208 723 2255 effe
740 2225 830 2254 non
851 2209 992 2270 poffit.
1015 2221 1101 2255 tam
1121 2209 1246 2254 miser
1260 2208 1330 2264 fit,
1352 2219 1403 2254 ut

131 2281 190 2327 illi
211 2281 412 2327 beneficii
430 2282 533 2327 loco
556 2282 619 2338 fit,
637 2281 848 2344 quidquid
863 2282 1069 2328 redditur.
1087 2281 1203 2327 Haec
1223 2281 1302 2327 diis
1321 2296 1403 2326 au-

132 2354 361 2400 dientibus.
389 2354 751 2399 Circumveniant
771 2354 890 2398 illum
909 2352 1168 2399 domesticae
1195 2352 1368 2398 infidiae
1385 2385 1401 2409 ,

130 2442 235 2489 quas
262 2443 346 2490 ego
372 2426 529 2490 poffim
560 2427 672 2473 solus
703 2426 968 2489 opprimere.
988 2425 1112 2471 instet
1137 2439 1295 2488 potens
1318 2423 1402 2476 ini->
