1742 2967
364 180 462 251 ΠΕ
510 199 960 248 BREVITATE
1008 199 1256 246 VITAE.
1393 214 1452 260 19

171 308 216 357 in
253 307 442 355 frontem
474 306 785 370 compellitur?
856 306 1105 366 Quomodo
1131 305 1399 366 irascuntur,
1427 305 1460 353 si

173 379 328 428 tonsor
349 379 480 443 paulo
506 379 793 443 negligentior
812 378 927 426 fuit?
951 392 1157 442 tanquam
1181 380 1328 425 virum
1349 391 1451 425 ton-

176 454 311 500 deret.
338 454 589 514 Quomodo
614 454 956 511 excandescunt,
985 453 1013 499 fi
1042 453 1147 517 quid
1173 470 1227 499 ex
1252 454 1351 499 iuba
1380 454 1454 501 sua

179 525 367 573 decisum
388 525 447 571 est
463 558 477 580 ‚
493 526 523 571 fi
543 525 647 589 quid
666 540 788 572 extra
812 526 1010 573 ordinem
1031 526 1188 583 iacuit,
1216 526 1291 572 nisi
1307 528 1456 572 omnia

177 598 224 645 in
247 598 429 645 annulos
458 598 558 645 suos
583 599 860 645 reciderunt?
903 599 1017 660 Quis
1047 599 1107 645 est
1139 599 1346 657 istorum,
1377 601 1455 663 qui

178 687 271 719 non
284 671 405 718 malit
423 672 736 735 rempublicam
758 673 874 720 suam
895 672 1080 728 turbari,
1100 689 1228 736 quam
1249 673 1453 720 comam?

178 744 254 808 qui
287 761 378 791 non
410 745 619 792 solicitior
648 744 699 792 fit
729 746 783 792 de
816 745 969 808 capitis
999 745 1062 792 sui
1091 747 1285 801 decore,
1319 764 1454 811 quam

176 817 233 864 de
262 816 427 863 salute?
458 814 534 880 qui
564 832 656 862 non
689 816 882 864 comtior
910 817 998 864 effe
1026 818 1176 871 malit,
1206 836 1336 881 quam
1370 820 1457 866 ho-

178 887 377 935 nestior?
412 890 506 936 Hos
533 901 581 936 tu
604 887 771 935 otiosos
795 905 957 948 vocaS‚
984 889 1099 936 inter
1124 892 1336 953 peilinem
1359 892 1459 955 spe-

179 955 418 1025 culumque
446 965 721 1024 occupatos?
746 962 870 1022 Quid
894 963 981 1020 illi,
1006 962 1082 1026 qui
1108 963 1154 1009 in
1180 980 1459 1027 componen-

181 1035 272 1093 dis,
300 1035 553 1092 audiendis,
579 1035 774 1082 dicendis
802 1036 980 1085 canticis
1005 1036 1173 1100 operati
1200 1038 1322 1086 sunt:
1350 1039 1460 1085 dum

181 1125 343 1156 vocem
359 1140 374 1164 ,
398 1109 521 1155 cuius
545 1100 712 1155 testum
741 1110 913 1157 cursum
938 1125 1089 1159 natura
1108 1124 1151 1158 et
1173 1112 1389 1174 optimum
1412 1124 1458 1160 et

180 1179 534 1243 fimpliciffimum
562 1180 694 1238 fecit,
719 1180 886 1228 inflexu
916 1183 1229 1231 modulationis
1256 1184 1460 1231 inertiffi-

181 1270 278 1301 mae
300 1253 545 1316 torquent?
570 1255 780 1313 Quorum
806 1255 931 1319 digiti
956 1255 1133 1319 aliquod
1160 1256 1271 1302 inter
1299 1255 1339 1301 se
1362 1273 1461 1304 car-

181 1343 285 1374 men
312 1326 542 1373 metientes
572 1326 740 1389 semper
766 1327 920 1374 sonant
941 1346 951 1375 :
981 1344 1171 1392 quorum
1196 1345 1295 1376 cum
1318 1330 1372 1375 ad
1391 1346 1460 1376 res

182 1397 309 1446 serias
325 1433 338 1456 ‚
361 1398 483 1460 saepe
513 1408 557 1445 et
586 1397 756 1456 tristes,
785 1399 970 1447 adhibiti
1000 1400 1118 1456 sunt,
1143 1401 1370 1448 exauditur
1391 1415 1461 1448 ta—

180 1470 268 1518 cita
286 1469 533 1517 modulatio
553 1470 570 1517 ?
589 1487 680 1519 non
700 1471 862 1519 habent
884 1472 951 1519 isti
969 1473 1113 1520 otium
1127 1508 1141 1531 ,
1159 1473 1231 1520 sed
1254 1473 1367 1520 iners
1387 1490 1462 1520 ne-

184 1542 367 1605 gotium.
393 1541 620 1591 Convivia
643 1543 892 1591 mehercule
920 1545 1081 1592 horum
1112 1562 1203 1591 non
1238 1546 1461 1607 posuerim

185 1613 299 1660 inter
327 1613 528 1661 vacantia
551 1626 775 1677 tempora,
805 1632 905 1663 cum
938 1616 1111 1663 videam
1144 1633 1275 1680 quam
1304 1617 1461 1664 soliciti

186 1703 414 1751 argentum
436 1688 658 1748 ordinent,
677 1706 808 1751 quam
826 1691 1054 1754 diligenter
1071 1692 1345 1738 exoletorum
1368 1692 1463 1738 suo-

188 1778 286 1808 rum
311 1761 476 1810 tunicas
511 1762 792 1826 succingant,
825 1780 959 1826 quam
992 1763 1177 1827 suspensi
1209 1764 1314 1822 fint,
1347 1782 1465 1828 quo-

187 1834 329 1881 modo
358 1852 464 1898 aper
491 1852 515 1882 a
539 1852 655 1883 coco
683 1849 808 1883 exeat
834 1854 843 1882 :
874 1849 1036 1900 quanta
1063 1838 1311 1893 celeritate,
1340 1838 1465 1901 signo

189 1907 324 1967 dato,
353 1908 490 1972 glabri
520 1909 574 1956 ad
605 1909 837 1957 ministeria
869 1910 1108 1957 discurrant
1133 1928 1144 1956 :
1173 1924 1336 1975 quanta
1372 1926 1466 1959 arte

191 1980 443 2028 scindantur
470 1998 573 2031 aves
597 1983 643 2029 in
672 1982 805 2030 frusta
845 2000 936 2030 non
961 1983 1157 2031 enormia
1179 2002 1189 2031 z
1222 2002 1353 2048 quam
1385 2003 1466 2033 cu-

191 2054 304 2101 riose
328 2054 520 2102 infelices
542 2057 709 2119 pueruli
731 2057 955 2104 ebriorum
978 2057 1098 2121 sputa
1117 2059 1378 2122 detergeant.
1398 2062 1466 2106 Ex

193 2126 260 2172 his
283 2127 515 2190 elegantiae
542 2129 819 2192 lautitiaeque
851 2129 965 2175 fama
996 2143 1219 2193 captatur,
1248 2147 1293 2179 et
1330 2149 1467 2196 usque

195 2214 253 2245 eo
281 2198 325 2245 in
352 2215 507 2247 omnes
531 2201 649 2248 vitae
680 2201 890 2250 successus
914 2203 1024 2248 mala
1053 2203 1124 2251 sua
1152 2201 1249 2252 illos
1279 2204 1469 2268 sequun-

193 2283 289 2329 tur,
321 2282 367 2318 ut
394 2288 475 2319 nec
505 2272 654 2321 bibant
679 2274 766 2321 fine
793 2275 1063 2334 ambitione,
1093 2294 1173 2325 nec
1205 2278 1344 2324 edant.
1373 2279 1470 2325 Nec

195 2344 292 2391 illos
319 2343 499 2407 quidem
524 2345 638 2394 inter
663 2346 830 2393 otiosos
855 2350 1182 2407 numeraveris,
1213 2350 1286 2413 qui
1312 2350 1408 2398 sella
1427 2351 1470 2398 se

199 2429 243 2464 et
259 2417 409 2466 lectica
428 2418 517 2468 'nuc
540 2434 585 2469 et
612 2421 710 2468 illuc
736 2419 901 2479 ferunt,
925 2436 967 2471 et
993 2425 1047 2470 ad
1066 2422 1351 2486 gestationum
1373 2423 1469 2469 sua-

198 2503 327 2549 rum,
358 2489 477 2556 ‘quasi
507 2491 706 2540 deserere
726 2489 821 2540 illas
850 2510 942 2541 non
970 2493 1123 2553 liceat,
1152 2494 1282 2543 horas
1308 2510 1470 2543 occur-
