<?xml version="1.0" encoding="UTF-8"?>
<!DOCTYPE html PUBLIC "-//W3C//DTD XHTML 1.0 Transitional//EN"
    "http://www.w3.org/TR/xhtml1/DTD/xhtml1-transitional.dtd">
<html xmlns="http://www.w3.org/1999/xhtml" xml:lang="en" lang="en">
 <head>
  <title>
</title>
<meta http-equiv="Content-Type" content="text/html;charset=utf-8" />
  <meta name='ocr-system' content='tesseract 3.04.00' />
  <meta name='ocr-capabilities' content='ocr_page ocr_carea ocr_par ocr_line ocrx_word'/>
</head>
<body>
  <div class='ocr_page' id='page_1' title='image "./lannaeisenecaeph02seneuoft_0315.png"; bbox 0 0 1742 2967; ppageno 0'>
   <div class='ocr_carea' id='block_1_1' title="bbox 0 2048 26 2967">
    <p class='ocr_par' dir='ltr' id='par_1_1' title="bbox 0 2048 26 2967">
     <span class='ocr_line' id='line_1_1' title="bbox 0 2048 26 2967; baseline 0 0"><span class='ocrx_word' id='word_1_1' title='bbox 0 2048 26 2967; x_wconf 95' lang='lat' dir='ltr'><strong> </strong></span> 
     </span>
    </p>
   </div>
   <div class='ocr_carea' id='block_1_2' title="bbox 345 153 1421 242">
    <p class='ocr_par' dir='ltr' id='par_1_2' title="bbox 345 153 1421 242">
     <span class='ocr_line' id='line_1_2' title="bbox 345 153 1421 242; baseline 0.005 -21"><span class='ocrx_word' id='word_1_2' title='bbox 345 153 446 222; x_wconf 69' lang='grc' dir='ltr'><strong>ΒΞ</strong></span> <span class='ocrx_word' id='word_1_3' title='bbox 495 176 914 223; x_wconf 65' lang='lat' dir='ltr'><strong>BENEMCMS</strong></span> <span class='ocrx_word' id='word_1_4' title='bbox 966 179 1090 225; x_wconf 63' lang='grc' dir='ltr'><strong>ΜΒ.</strong></span> <span class='ocrx_word' id='word_1_5' title='bbox 1144 181 1218 225; x_wconf 78' lang='lat' dir='ltr'><strong>vt.</strong></span> <span class='ocrx_word' id='word_1_6' title='bbox 1333 180 1421 242; x_wconf 82' lang='lat'><strong>287</strong></span> 
     </span>
    </p>
   </div>
   <div class='ocr_carea' id='block_1_3' title="bbox 147 282 1442 2528">
    <p class='ocr_par' dir='ltr' id='par_1_3' title="bbox 147 282 1431 1002">
     <span class='ocr_line' id='line_1_3' title="bbox 148 282 1426 346; baseline 0.002 -17"><span class='ocrx_word' id='word_1_7' title='bbox 148 300 220 329; x_wconf 86' lang='lat' dir='ltr'><strong>me</strong></span> <span class='ocrx_word' id='word_1_8' title='bbox 238 282 415 345; x_wconf 81' lang='lat' dir='ltr'><strong>obliget.</strong></span> <span class='ocrx_word' id='word_1_9' title='bbox 436 282 545 342; x_wconf 84' lang='lat' dir='ltr'><strong>Isto,</strong></span> <span class='ocrx_word' id='word_1_10' title='bbox 568 284 712 346; x_wconf 85' lang='lat' dir='ltr'><strong>inquit</strong></span> <span class='ocrx_word' id='word_1_11' title='bbox 727 319 740 340; x_wconf 88' lang='lat'>‚</span> <span class='ocrx_word' id='word_1_12' title='bbox 767 285 931 341; x_wconf 86' lang='lat' dir='ltr'><strong>modo,</strong></span> <span class='ocrx_word' id='word_1_13' title='bbox 953 301 1032 332; x_wconf 90' lang='lat' dir='ltr'><strong>nec</strong></span> <span class='ocrx_word' id='word_1_14' title='bbox 1053 288 1200 332; x_wconf 84' lang='lat' dir='ltr'><strong>Lunae</strong></span> <span class='ocrx_word' id='word_1_15' title='bbox 1227 302 1308 332; x_wconf 88' lang='lat' dir='ltr'><strong>nec</strong></span> <span class='ocrx_word' id='word_1_16' title='bbox 1335 286 1426 332; x_wconf 81' lang='lat' dir='ltr'><strong>Soli</strong></span> 
     </span>
     <span class='ocr_line' id='line_1_4' title="bbox 147 355 1428 420; baseline 0.002 -18"><span class='ocrx_word' id='word_1_17' title='bbox 147 355 386 419; x_wconf 85' lang='lat' dir='ltr'>quidquam</span> <span class='ocrx_word' id='word_1_18' title='bbox 408 356 560 403; x_wconf 85' lang='lat' dir='ltr'>debes:</span> <span class='ocrx_word' id='word_1_19' title='bbox 585 373 674 403; x_wconf 90' lang='lat' dir='ltr'><strong>non</strong></span> <span class='ocrx_word' id='word_1_20' title='bbox 692 357 809 404; x_wconf 90' lang='lat' dir='ltr'><strong>enim</strong></span> <span class='ocrx_word' id='word_1_21' title='bbox 825 370 1005 420; x_wconf 88' lang='lat' dir='ltr'><strong>propter</strong></span> <span class='ocrx_word' id='word_1_22' title='bbox 1017 370 1059 403; x_wconf 91' lang='lat' dir='ltr'><strong>te</strong></span> <span class='ocrx_word' id='word_1_23' title='bbox 1077 371 1327 404; x_wconf 88' lang='lat' dir='ltr'><strong>moventur.</strong></span> <span class='ocrx_word' id='word_1_24' title='bbox 1343 359 1428 405; x_wconf 87' lang='lat' dir='ltr'><strong>Sed</strong></span> 
     </span>
     <span class='ocr_line' id='line_1_5' title="bbox 148 429 1429 488; baseline 0 -11"><span class='ocrx_word' id='word_1_25' title='bbox 148 447 249 477; x_wconf 86' lang='lat' dir='ltr'><strong>cum</strong></span> <span class='ocrx_word' id='word_1_26' title='bbox 275 429 319 476; x_wconf 89' lang='lat' dir='ltr'><strong>in</strong></span> <span class='ocrx_word' id='word_1_27' title='bbox 343 430 434 476; x_wconf 88' lang='lat' dir='ltr'><strong>hoc</strong></span> <span class='ocrx_word' id='word_1_28' title='bbox 457 445 747 488; x_wconf 80' lang='lat' dir='ltr'><strong>moveantur,</strong></span> <span class='ocrx_word' id='word_1_29' title='bbox 772 444 819 477; x_wconf 86' lang='lat' dir='ltr'><strong>ut</strong></span> <span class='ocrx_word' id='word_1_30' title='bbox 843 432 1044 478; x_wconf 84' lang='lat' dir='ltr'><strong>universa</strong></span> <span class='ocrx_word' id='word_1_31' title='bbox 1072 431 1359 488; x_wconf 89' lang='lat' dir='ltr'><strong>conservent,</strong></span> <span class='ocrx_word' id='word_1_32' title='bbox 1385 442 1429 477; x_wconf 89' lang='lat' dir='ltr'><strong>et</strong></span> 
     </span>
     <span class='ocr_line' id='line_1_6' title="bbox 148 503 1429 565; baseline 0 -16"><span class='ocrx_word' id='word_1_33' title='bbox 148 519 234 563; x_wconf 85' lang='lat' dir='ltr'><strong>pro</strong></span> <span class='ocrx_word' id='word_1_34' title='bbox 257 519 328 549; x_wconf 88' lang='lat' dir='ltr'><strong>me</strong></span> <span class='ocrx_word' id='word_1_35' title='bbox 349 517 586 549; x_wconf 74' lang='lat' dir='ltr'><strong>moventur</strong></span> <span class='ocrx_word' id='word_1_36' title='bbox 604 521 615 549; x_wconf 91' lang='lat'><strong>:</strong></span> <span class='ocrx_word' id='word_1_37' title='bbox 634 503 942 549; x_wconf 87' lang='lat' dir='ltr'><strong>universorum</strong></span> <span class='ocrx_word' id='word_1_38' title='bbox 963 503 1079 550; x_wconf 85' lang='lat' dir='ltr'><strong>enim</strong></span> <span class='ocrx_word' id='word_1_39' title='bbox 1099 520 1196 565; x_wconf 78' lang='lat' dir='ltr'>pars</span> <span class='ocrx_word' id='word_1_40' title='bbox 1213 503 1318 550; x_wconf 83' lang='lat' dir='ltr'><strong>sum.</strong></span> <span class='ocrx_word' id='word_1_41' title='bbox 1336 504 1429 549; x_wconf 90' lang='lat' dir='ltr'><strong>Ad-</strong></span> 
     </span>
     <span class='ocr_line' id='line_1_7' title="bbox 147 575 1426 639; baseline 0.001 -18"><span class='ocrx_word' id='word_1_42' title='bbox 147 575 232 621; x_wconf 82' lang='lat' dir='ltr'><strong>iice</strong></span> <span class='ocrx_word' id='word_1_43' title='bbox 260 592 404 630; x_wconf 84' lang='lat' dir='ltr'><strong>nunc,</strong></span> <span class='ocrx_word' id='word_1_44' title='bbox 434 577 556 639; x_wconf 88' lang='lat' dir='ltr'><strong>quod</strong></span> <span class='ocrx_word' id='word_1_45' title='bbox 585 576 729 622; x_wconf 81' lang='lat' dir='ltr'><strong>nostra</strong></span> <span class='ocrx_word' id='word_1_46' title='bbox 755 589 797 622; x_wconf 93' lang='lat' dir='ltr'><strong>et</strong></span> <span class='ocrx_word' id='word_1_47' title='bbox 823 578 981 623; x_wconf 87' lang='lat' dir='ltr'><strong>horum</strong></span> <span class='ocrx_word' id='word_1_48' title='bbox 1010 577 1211 623; x_wconf 87' lang='lat' dir='ltr'><strong>conditio</strong></span> <span class='ocrx_word' id='word_1_49' title='bbox 1244 576 1426 623; x_wconf 82' lang='lat' dir='ltr'><strong>diffimi-</strong></span> 
     </span>
     <span class='ocr_line' id='line_1_8' title="bbox 148 647 1428 712; baseline 0.001 -19"><span class='ocrx_word' id='word_1_50' title='bbox 148 647 198 694; x_wconf 87' lang='lat' dir='ltr'><strong>lis</strong></span> <span class='ocrx_word' id='word_1_51' title='bbox 217 647 289 693; x_wconf 86' lang='lat' dir='ltr'><strong>est.</strong></span> <span class='ocrx_word' id='word_1_52' title='bbox 313 648 428 693; x_wconf 86' lang='lat' dir='ltr'><strong>Nam</strong></span> <span class='ocrx_word' id='word_1_53' title='bbox 448 648 521 710; x_wconf 90' lang='lat' dir='ltr'><strong>qui</strong></span> <span class='ocrx_word' id='word_1_54' title='bbox 541 648 647 695; x_wconf 89' lang='lat' dir='ltr'><strong>mihi</strong></span> <span class='ocrx_word' id='word_1_55' title='bbox 665 649 860 712; x_wconf 87' lang='lat' dir='ltr'><strong>prodest,</strong></span> <span class='ocrx_word' id='word_1_56' title='bbox 878 660 924 694; x_wconf 88' lang='lat' dir='ltr'><strong>ut</strong></span> <span class='ocrx_word' id='word_1_57' title='bbox 943 665 1018 711; x_wconf 90' lang='lat' dir='ltr'><strong>per</strong></span> <span class='ocrx_word' id='word_1_58' title='bbox 1035 665 1104 694; x_wconf 87' lang='lat' dir='ltr'><strong>me</strong></span> <span class='ocrx_word' id='word_1_59' title='bbox 1120 649 1253 710; x_wconf 87' lang='lat' dir='ltr'><strong>profit</strong></span> <span class='ocrx_word' id='word_1_60' title='bbox 1272 662 1315 696; x_wconf 87' lang='lat' dir='ltr'><strong>et</strong></span> <span class='ocrx_word' id='word_1_61' title='bbox 1333 650 1428 704; x_wconf 83' lang='lat' dir='ltr'><strong>fibi,</strong></span> 
     </span>
     <span class='ocr_line' id='line_1_9' title="bbox 149 719 1430 784; baseline 0.002 -19"><span class='ocrx_word' id='word_1_62' title='bbox 149 736 243 765; x_wconf 85' lang='lat' dir='ltr'><strong>non</strong></span> <span class='ocrx_word' id='word_1_63' title='bbox 261 720 383 766; x_wconf 87' lang='lat' dir='ltr'>dedit</span> <span class='ocrx_word' id='word_1_64' title='bbox 408 719 668 767; x_wconf 87' lang='lat' dir='ltr'><strong>beneficium</strong></span> <span class='ocrx_word' id='word_1_65' title='bbox 692 737 704 766; x_wconf 74' lang='grc' dir='ltr'><strong><em>ε</em></strong></span> <span class='ocrx_word' id='word_1_66' title='bbox 731 720 832 784; x_wconf 83' lang='lat' dir='ltr'><strong>quia</strong></span> <span class='ocrx_word' id='word_1_67' title='bbox 861 736 931 766; x_wconf 89' lang='lat' dir='ltr'><strong>me</strong></span> <span class='ocrx_word' id='word_1_68' title='bbox 950 720 1282 766; x_wconf 84' lang='lat' dir='ltr'><strong>instrumentum</strong></span> <span class='ocrx_word' id='word_1_69' title='bbox 1312 721 1430 767; x_wconf 84' lang='lat' dir='ltr'><strong>utili-</strong></span> 
     </span>
     <span class='ocr_line' id='line_1_10' title="bbox 150 793 1430 857; baseline 0.002 -19"><span class='ocrx_word' id='word_1_70' title='bbox 150 793 246 839; x_wconf 78' lang='lat' dir='ltr'><strong>tatis</strong></span> <span class='ocrx_word' id='word_1_71' title='bbox 265 793 364 840; x_wconf 82' lang='lat' dir='ltr'><strong>suae</strong></span> <span class='ocrx_word' id='word_1_72' title='bbox 381 793 502 840; x_wconf 87' lang='lat' dir='ltr'><strong>fecit.</strong></span> <span class='ocrx_word' id='word_1_73' title='bbox 524 795 597 840; x_wconf 85' lang='lat' dir='ltr'><strong>Sol</strong></span> <span class='ocrx_word' id='word_1_74' title='bbox 616 806 760 841; x_wconf 87' lang='lat' dir='ltr'><strong>autem</strong></span> <span class='ocrx_word' id='word_1_75' title='bbox 781 806 823 840; x_wconf 88' lang='lat' dir='ltr'><strong>et</strong></span> <span class='ocrx_word' id='word_1_76' title='bbox 843 797 963 840; x_wconf 83' lang='lat' dir='ltr'><strong>Luna</strong></span> <span class='ocrx_word' id='word_1_77' title='bbox 982 794 1111 839; x_wconf 80' lang='lat' dir='ltr'><strong>etiam</strong></span> <span class='ocrx_word' id='word_1_78' title='bbox 1134 794 1164 839; x_wconf 90' lang='lat' dir='ltr'>fi</span> <span class='ocrx_word' id='word_1_79' title='bbox 1182 795 1308 841; x_wconf 88' lang='lat' dir='ltr'><strong>nobis</strong></span> <span class='ocrx_word' id='word_1_80' title='bbox 1326 811 1430 857; x_wconf 89' lang='lat' dir='ltr'><strong>pro-</strong></span> 
     </span>
     <span class='ocr_line' id='line_1_11' title="bbox 150 865 1429 928; baseline 0.001 -15"><span class='ocrx_word' id='word_1_81' title='bbox 150 865 247 913; x_wconf 84' lang='lat' dir='ltr'><strong>sunt</strong></span> <span class='ocrx_word' id='word_1_82' title='bbox 263 865 334 912; x_wconf 82' lang='lat' dir='ltr'><strong>sua</strong></span> <span class='ocrx_word' id='word_1_83' title='bbox 347 866 472 912; x_wconf 79' lang='lat' dir='ltr'><strong>causa</strong></span> <span class='ocrx_word' id='word_1_84' title='bbox 487 902 502 923; x_wconf 95' lang='lat'><strong><em>,</em></strong></span> <span class='ocrx_word' id='word_1_85' title='bbox 522 883 613 913; x_wconf 89' lang='lat' dir='ltr'><strong>non</strong></span> <span class='ocrx_word' id='word_1_86' title='bbox 631 866 675 912; x_wconf 88' lang='lat' dir='ltr'><strong>in</strong></span> <span class='ocrx_word' id='word_1_87' title='bbox 694 867 782 912; x_wconf 91' lang='lat' dir='ltr'><strong>hoc</strong></span> <span class='ocrx_word' id='word_1_88' title='bbox 801 879 946 912; x_wconf 82' lang='lat' dir='ltr'><strong>tamen</strong></span> <span class='ocrx_word' id='word_1_89' title='bbox 964 865 1144 928; x_wconf 85' lang='lat' dir='ltr'>prosunt</span> <span class='ocrx_word' id='word_1_90' title='bbox 1162 902 1173 922; x_wconf 92' lang='lat'>,</span> <span class='ocrx_word' id='word_1_91' title='bbox 1190 880 1238 912; x_wconf 87' lang='lat' dir='ltr'><strong>ut</strong></span> <span class='ocrx_word' id='word_1_92' title='bbox 1258 883 1333 927; x_wconf 89' lang='lat' dir='ltr'><strong>per</strong></span> <span class='ocrx_word' id='word_1_93' title='bbox 1348 884 1429 914; x_wconf 87' lang='lat' dir='ltr'><strong>nos</strong></span> 
     </span>
     <span class='ocr_line' id='line_1_12' title="bbox 151 937 1431 1002; baseline 0.002 -17"><span class='ocrx_word' id='word_1_94' title='bbox 151 939 319 1002; x_wconf 77' lang='lat' dir='ltr'><strong>prosint</strong></span> <span class='ocrx_word' id='word_1_95' title='bbox 345 940 436 985; x_wconf 78' lang='lat' dir='ltr'><strong>fibi..</strong></span> <span class='ocrx_word' id='word_1_96' title='bbox 460 941 571 1002; x_wconf 87' lang='lat' dir='ltr'><strong>quid</strong></span> <span class='ocrx_word' id='word_1_97' title='bbox 596 940 712 986; x_wconf 89' lang='lat' dir='ltr'><strong>enim</strong></span> <span class='ocrx_word' id='word_1_98' title='bbox 738 956 818 986; x_wconf 84' lang='lat' dir='ltr'><strong>nos</strong></span> <span class='ocrx_word' id='word_1_99' title='bbox 842 939 924 986; x_wconf 86' lang='lat' dir='ltr'><strong>illis</strong></span> <span class='ocrx_word' id='word_1_100' title='bbox 950 937 1154 985; x_wconf 83' lang='lat' dir='ltr'><strong>conferre</strong></span> <span class='ocrx_word' id='word_1_101' title='bbox 1178 939 1431 1000; x_wconf 70' lang='lat' dir='ltr'><strong>possumus?</strong></span> 
     </span>
    </p>

    <p class='ocr_par' dir='ltr' id='par_1_4' title="bbox 152 1011 1442 2528">
     <span class='ocr_line' id='line_1_13' title="bbox 216 1011 1433 1075; baseline 0.002 -17"><span class='ocrx_word' id='word_1_102' title='bbox 216 1011 346 1058; x_wconf 87' lang='lat' dir='ltr'>XXI.</span> <span class='ocrx_word' id='word_1_103' title='bbox 372 1012 512 1058; x_wconf 81' lang='lat' dir='ltr'><strong>Sciam</strong></span> <span class='ocrx_word' id='word_1_104' title='bbox 530 1048 543 1069; x_wconf 92' lang='lat'>,</span> <span class='ocrx_word' id='word_1_105' title='bbox 558 1012 725 1075; x_wconf 78' lang='lat' dir='ltr'><strong>inquit,</strong></span> <span class='ocrx_word' id='word_1_106' title='bbox 752 1013 899 1059; x_wconf 87' lang='lat' dir='ltr'><strong>Solem</strong></span> <span class='ocrx_word' id='word_1_107' title='bbox 921 1030 970 1060; x_wconf 79' lang='lat' dir='ltr'><strong>ac</strong></span> <span class='ocrx_word' id='word_1_108' title='bbox 988 1015 1155 1059; x_wconf 81' lang='lat' dir='ltr'><strong>Lunam</strong></span> <span class='ocrx_word' id='word_1_109' title='bbox 1176 1013 1303 1061; x_wconf 87' lang='lat' dir='ltr'><strong>nobis</strong></span> <span class='ocrx_word' id='word_1_110' title='bbox 1320 1014 1433 1060; x_wconf 88' lang='lat' dir='ltr'><strong>velle</strong></span> 
     </span>
     <span class='ocr_line' id='line_1_14' title="bbox 152 1079 1432 1147; baseline 0.002 -17"><span class='ocrx_word' id='word_1_111' title='bbox 152 1084 352 1145; x_wconf 83' lang='lat' dir='ltr'>prodeffe</span> <span class='ocrx_word' id='word_1_112' title='bbox 364 1120 377 1142; x_wconf 89' lang='lat'>,</span> <span class='ocrx_word' id='word_1_113' title='bbox 395 1083 423 1130; x_wconf 84' lang='lat' dir='ltr'>fi</span> <span class='ocrx_word' id='word_1_114' title='bbox 439 1085 554 1132; x_wconf 91' lang='lat' dir='ltr'><strong>nolle</strong></span> <span class='ocrx_word' id='word_1_115' title='bbox 574 1079 796 1147; x_wconf 78' lang='lat' dir='ltr'><strong>potuerint</strong></span> <span class='ocrx_word' id='word_1_116' title='bbox 816 1102 826 1128; x_wconf 76' lang='grc' dir='ltr'><strong>ε</strong></span> <span class='ocrx_word' id='word_1_117' title='bbox 847 1085 931 1132; x_wconf 86' lang='lat' dir='ltr'><strong>illis</strong></span> <span class='ocrx_word' id='word_1_118' title='bbox 949 1097 1091 1132; x_wconf 81' lang='lat' dir='ltr'><strong>autem</strong></span> <span class='ocrx_word' id='word_1_119' title='bbox 1113 1086 1322 1133; x_wconf 88' lang='lat' dir='ltr'><strong>nonlicet</strong></span> <span class='ocrx_word' id='word_1_120' title='bbox 1340 1103 1432 1133; x_wconf 88' lang='lat' dir='ltr'><strong>non</strong></span> 
     </span>
     <span class='ocr_line' id='line_1_15' title="bbox 153 1154 1430 1219; baseline 0.002 -18"><span class='ocrx_word' id='word_1_121' title='bbox 153 1154 341 1202; x_wconf 87' lang='lat' dir='ltr'><strong>moveri.</strong></span> <span class='ocrx_word' id='word_1_122' title='bbox 361 1156 414 1200; x_wconf 81' lang='lat' dir='ltr'><strong>ad</strong></span> <span class='ocrx_word' id='word_1_123' title='bbox 431 1155 640 1202; x_wconf 80' lang='lat' dir='ltr'><strong>summam</strong></span> <span class='ocrx_word' id='word_1_124' title='bbox 655 1191 668 1213; x_wconf 87' lang='lat'>,</span> <span class='ocrx_word' id='word_1_125' title='bbox 687 1155 942 1213; x_wconf 81' lang='lat' dir='ltr'><strong>consistant,</strong></span> <span class='ocrx_word' id='word_1_126' title='bbox 961 1168 1004 1203; x_wconf 93' lang='lat' dir='ltr'><strong>et</strong></span> <span class='ocrx_word' id='word_1_127' title='bbox 1023 1173 1134 1219; x_wconf 85' lang='lat' dir='ltr'><strong>opus</strong></span> <span class='ocrx_word' id='word_1_128' title='bbox 1154 1157 1275 1204; x_wconf 85' lang='lat' dir='ltr'><strong>suum</strong></span> <span class='ocrx_word' id='word_1_129' title='bbox 1297 1158 1430 1204; x_wconf 84' lang='lat' dir='ltr'><strong>inter-</strong></span> 
     </span>
     <span class='ocr_line' id='line_1_16' title="bbox 154 1226 1430 1290; baseline 0.003 -18"><span class='ocrx_word' id='word_1_130' title='bbox 154 1226 339 1272; x_wconf 76' lang='lat' dir='ltr'><strong>mittant.</strong></span> <span class='ocrx_word' id='word_1_131' title='bbox 364 1227 467 1274; x_wconf 90' lang='lat' dir='ltr'><strong>Hoc</strong></span> <span class='ocrx_word' id='word_1_132' title='bbox 495 1228 599 1275; x_wconf 89' lang='lat' dir='ltr'><strong>vide</strong></span> <span class='ocrx_word' id='word_1_133' title='bbox 628 1239 739 1290; x_wconf 88' lang='lat' dir='ltr'><strong>quot</strong></span> <span class='ocrx_word' id='word_1_134' title='bbox 761 1227 905 1274; x_wconf 87' lang='lat' dir='ltr'><strong>modis</strong></span> <span class='ocrx_word' id='word_1_135' title='bbox 930 1227 1163 1275; x_wconf 79' lang='lat' dir='ltr'><strong>refellatur.</strong></span> <span class='ocrx_word' id='word_1_136' title='bbox 1193 1230 1298 1276; x_wconf 91' lang='lat' dir='ltr'><strong>Non</strong></span> <span class='ocrx_word' id='word_1_137' title='bbox 1327 1230 1430 1276; x_wconf 89' lang='lat' dir='ltr'><strong>ideo</strong></span> 
     </span>
     <span class='ocr_line' id='line_1_17' title="bbox 154 1299 1432 1363; baseline 0.002 -18"><span class='ocrx_word' id='word_1_138' title='bbox 154 1300 300 1347; x_wconf 82' lang='lat' dir='ltr'><strong>minus</strong></span> <span class='ocrx_word' id='word_1_139' title='bbox 320 1300 440 1356; x_wconf 88' lang='lat' dir='ltr'><strong>vult,</strong></span> <span class='ocrx_word' id='word_1_140' title='bbox 466 1301 541 1363; x_wconf 88' lang='lat' dir='ltr'><strong>qui</strong></span> <span class='ocrx_word' id='word_1_141' title='bbox 572 1316 661 1346; x_wconf 88' lang='lat' dir='ltr'><strong>non</strong></span> <span class='ocrx_word' id='word_1_142' title='bbox 683 1299 823 1362; x_wconf 90' lang='lat' dir='ltr'><strong>potest</strong></span> <span class='ocrx_word' id='word_1_143' title='bbox 848 1300 962 1347; x_wconf 92' lang='lat' dir='ltr'><strong>nolle</strong></span> <span class='ocrx_word' id='word_1_144' title='bbox 986 1319 996 1346; x_wconf 82' lang='lat' dir='ltr'><em>z</em></span> <span class='ocrx_word' id='word_1_145' title='bbox 1031 1301 1171 1347; x_wconf 89' lang='lat' dir='ltr'><strong>immo</strong></span> <span class='ocrx_word' id='word_1_146' title='bbox 1192 1301 1432 1348; x_wconf 78' lang='lat' dir='ltr'><strong>maximum</strong></span> 
     </span>
     <span class='ocr_line' id='line_1_18' title="bbox 154 1375 1431 1438; baseline 0.002 -18"><span class='ocrx_word' id='word_1_147' title='bbox 154 1387 457 1438; x_wconf 74' lang='lat' dir='ltr'><strong>argumentum</strong></span> <span class='ocrx_word' id='word_1_148' title='bbox 478 1375 538 1422; x_wconf 90' lang='lat' dir='ltr'><strong>est</strong></span> <span class='ocrx_word' id='word_1_149' title='bbox 559 1375 708 1421; x_wconf 81' lang='lat' dir='ltr'>firmae</span> <span class='ocrx_word' id='word_1_150' title='bbox 727 1375 988 1431; x_wconf 80' lang='lat' dir='ltr'><strong>voluntatis,</strong></span> <span class='ocrx_word' id='word_1_151' title='bbox 1008 1392 1062 1422; x_wconf 89' lang='lat' dir='ltr'><strong>ne</strong></span> <span class='ocrx_word' id='word_1_152' title='bbox 1079 1375 1235 1422; x_wconf 72' lang='lat' dir='ltr'><strong>mutari</strong></span> <span class='ocrx_word' id='word_1_153' title='bbox 1254 1375 1431 1437; x_wconf 85' lang='lat' dir='ltr'><strong>quidem</strong></span> 
     </span>
     <span class='ocr_line' id='line_1_19' title="bbox 154 1447 1434 1511; baseline 0 -17"><span class='ocrx_word' id='word_1_154' title='bbox 154 1448 290 1510; x_wconf 79' lang='lat' dir='ltr'><strong>posse.</strong></span> <span class='ocrx_word' id='word_1_155' title='bbox 312 1450 394 1495; x_wconf 86' lang='lat' dir='ltr'><strong>Vir</strong></span> <span class='ocrx_word' id='word_1_156' title='bbox 413 1450 555 1496; x_wconf 88' lang='lat' dir='ltr'><strong>bonus</strong></span> <span class='ocrx_word' id='word_1_157' title='bbox 579 1466 669 1495; x_wconf 92' lang='lat' dir='ltr'><strong>non</strong></span> <span class='ocrx_word' id='word_1_158' title='bbox 701 1447 843 1511; x_wconf 87' lang='lat' dir='ltr'><strong>potest</strong></span> <span class='ocrx_word' id='word_1_159' title='bbox 867 1465 959 1494; x_wconf 91' lang='lat' dir='ltr'><strong>non</strong></span> <span class='ocrx_word' id='word_1_160' title='bbox 979 1447 1121 1495; x_wconf 86' lang='lat' dir='ltr'><strong>facere</strong></span> <span class='ocrx_word' id='word_1_161' title='bbox 1136 1485 1149 1506; x_wconf 93' lang='lat'><strong>,</strong></span> <span class='ocrx_word' id='word_1_162' title='bbox 1169 1450 1290 1511; x_wconf 87' lang='lat' dir='ltr'><strong>quod</strong></span> <span class='ocrx_word' id='word_1_163' title='bbox 1308 1448 1434 1495; x_wconf 80' lang='lat' dir='ltr'><strong>facit:</strong></span> 
     </span>
     <span class='ocr_line' id='line_1_20' title="bbox 156 1519 1432 1582; baseline 0 -16"><span class='ocrx_word' id='word_1_164' title='bbox 156 1537 248 1566; x_wconf 86' lang='lat' dir='ltr'><strong>non</strong></span> <span class='ocrx_word' id='word_1_165' title='bbox 267 1522 383 1567; x_wconf 84' lang='lat' dir='ltr'><strong>enim</strong></span> <span class='ocrx_word' id='word_1_166' title='bbox 403 1521 484 1568; x_wconf 88' lang='lat' dir='ltr'><strong>erit</strong></span> <span class='ocrx_word' id='word_1_167' title='bbox 503 1522 644 1568; x_wconf 87' lang='lat' dir='ltr'><strong>bonus</strong></span> <span class='ocrx_word' id='word_1_168' title='bbox 658 1556 671 1578; x_wconf 91' lang='lat'><em>‚</em></span> <span class='ocrx_word' id='word_1_169' title='bbox 695 1520 770 1565; x_wconf 82' lang='lat' dir='ltr'><strong>nifi</strong></span> <span class='ocrx_word' id='word_1_170' title='bbox 791 1519 957 1566; x_wconf 88' lang='lat' dir='ltr'><strong>fecerit.</strong></span> <span class='ocrx_word' id='word_1_171' title='bbox 977 1536 1084 1582; x_wconf 86' lang='lat' dir='ltr'><strong>ergo</strong></span> <span class='ocrx_word' id='word_1_172' title='bbox 1103 1536 1182 1566; x_wconf 90' lang='lat' dir='ltr'><strong>nec</strong></span> <span class='ocrx_word' id='word_1_173' title='bbox 1200 1520 1343 1567; x_wconf 88' lang='lat' dir='ltr'><strong>bonus</strong></span> <span class='ocrx_word' id='word_1_174' title='bbox 1361 1520 1432 1566; x_wconf 85' lang='lat' dir='ltr'><strong>vir</strong></span> 
     </span>
     <span class='ocr_line' id='line_1_21' title="bbox 156 1592 1431 1656; baseline 0 -17"><span class='ocrx_word' id='word_1_175' title='bbox 156 1592 417 1639; x_wconf 75' lang='lat' dir='ltr'><strong>beneficium</strong></span> <span class='ocrx_word' id='word_1_176' title='bbox 448 1595 545 1650; x_wconf 83' lang='lat' dir='ltr'><strong>dat,</strong></span> <span class='ocrx_word' id='word_1_177' title='bbox 574 1593 674 1656; x_wconf 80' lang='lat' dir='ltr'><strong>quia</strong></span> <span class='ocrx_word' id='word_1_178' title='bbox 704 1592 805 1639; x_wconf 78' lang='lat' dir='ltr'><strong>facit</strong></span> <span class='ocrx_word' id='word_1_179' title='bbox 832 1593 952 1654; x_wconf 86' lang='lat' dir='ltr'><strong>quod</strong></span> <span class='ocrx_word' id='word_1_180' title='bbox 984 1593 1141 1639; x_wconf 84' lang='lat' dir='ltr'>debet:</span> <span class='ocrx_word' id='word_1_181' title='bbox 1172 1610 1262 1640; x_wconf 90' lang='lat' dir='ltr'><strong>non</strong></span> <span class='ocrx_word' id='word_1_182' title='bbox 1292 1593 1431 1656; x_wconf 89' lang='lat' dir='ltr'><strong>potest</strong></span> 
     </span>
     <span class='ocr_line' id='line_1_22' title="bbox 157 1665 1434 1727; baseline 0.001 -16"><span class='ocrx_word' id='word_1_183' title='bbox 157 1678 303 1711; x_wconf 79' lang='lat' dir='ltr'><strong>autem</strong></span> <span class='ocrx_word' id='word_1_184' title='bbox 323 1683 415 1711; x_wconf 89' lang='lat' dir='ltr'><strong>non</strong></span> <span class='ocrx_word' id='word_1_185' title='bbox 435 1666 599 1720; x_wconf 80' lang='lat' dir='ltr'><strong>facere,</strong></span> <span class='ocrx_word' id='word_1_186' title='bbox 621 1667 742 1727; x_wconf 84' lang='lat' dir='ltr'><strong>quod</strong></span> <span class='ocrx_word' id='word_1_187' title='bbox 763 1665 906 1711; x_wconf 83' lang='lat' dir='ltr'>debet.</span> <span class='ocrx_word' id='word_1_188' title='bbox 924 1666 1145 1711; x_wconf 78' lang='lat' dir='ltr'><strong>Praeterea</strong></span> <span class='ocrx_word' id='word_1_189' title='bbox 1162 1666 1346 1711; x_wconf 87' lang='lat' dir='ltr'><strong>multum</strong></span> <span class='ocrx_word' id='word_1_190' title='bbox 1364 1666 1434 1712; x_wconf 89' lang='lat' dir='ltr'><strong>in-</strong></span> 
     </span>
     <span class='ocr_line' id='line_1_23' title="bbox 157 1736 1434 1799; baseline -0.001 -16"><span class='ocrx_word' id='word_1_191' title='bbox 157 1738 301 1792; x_wconf 84' lang='lat' dir='ltr'><strong>terest,</strong></span> <span class='ocrx_word' id='word_1_192' title='bbox 319 1750 462 1785; x_wconf 85' lang='lat' dir='ltr'><strong>utrum</strong></span> <span class='ocrx_word' id='word_1_193' title='bbox 483 1738 621 1792; x_wconf 83' lang='lat' dir='ltr'><strong>dicas,</strong></span> <span class='ocrx_word' id='word_1_194' title='bbox 641 1738 746 1782; x_wconf 88' lang='lat' dir='ltr'><strong>Non</strong></span> <span class='ocrx_word' id='word_1_195' title='bbox 768 1736 909 1798; x_wconf 75' lang='lat' dir='ltr'><strong>potest</strong></span> <span class='ocrx_word' id='word_1_196' title='bbox 931 1737 1016 1782; x_wconf 92' lang='lat' dir='ltr'><strong>hoc</strong></span> <span class='ocrx_word' id='word_1_197' title='bbox 1037 1753 1128 1781; x_wconf 90' lang='lat' dir='ltr'><strong>non</strong></span> <span class='ocrx_word' id='word_1_198' title='bbox 1145 1736 1309 1791; x_wconf 80' lang='lat' dir='ltr'><strong>facere,</strong></span> <span class='ocrx_word' id='word_1_199' title='bbox 1330 1738 1434 1799; x_wconf 82' lang='lat' dir='ltr'><strong>quia</strong></span> 
     </span>
     <span class='ocr_line' id='line_1_24' title="bbox 157 1809 1433 1875; baseline -0.002 -17"><span class='ocrx_word' id='word_1_200' title='bbox 157 1813 358 1875; x_wconf 81' lang='lat' dir='ltr'><strong>cogitur:</strong></span> <span class='ocrx_word' id='word_1_201' title='bbox 377 1829 455 1869; x_wconf 83' lang='lat' dir='ltr'><strong>an,</strong></span> <span class='ocrx_word' id='word_1_202' title='bbox 479 1814 582 1858; x_wconf 91' lang='lat' dir='ltr'><strong>Non</strong></span> <span class='ocrx_word' id='word_1_203' title='bbox 601 1810 741 1874; x_wconf 90' lang='lat' dir='ltr'><strong>potest</strong></span> <span class='ocrx_word' id='word_1_204' title='bbox 763 1812 889 1856; x_wconf 81' lang='lat' dir='ltr'><strong>nolle.</strong></span> <span class='ocrx_word' id='word_1_205' title='bbox 914 1810 1027 1855; x_wconf 78' lang='lat' dir='ltr'><strong>Nam</strong></span> <span class='ocrx_word' id='word_1_206' title='bbox 1055 1809 1084 1854; x_wconf 84' lang='lat' dir='ltr'><strong>fi</strong></span> <span class='ocrx_word' id='word_1_207' title='bbox 1109 1809 1273 1856; x_wconf 81' lang='lat' dir='ltr'><strong>neceffe</strong></span> <span class='ocrx_word' id='word_1_208' title='bbox 1293 1810 1353 1857; x_wconf 89' lang='lat' dir='ltr'><strong>est</strong></span> <span class='ocrx_word' id='word_1_209' title='bbox 1369 1810 1433 1856; x_wconf 86' lang='lat' dir='ltr'><strong>illi</strong></span> 
     </span>
     <span class='ocr_line' id='line_1_25' title="bbox 159 1881 1435 1945; baseline 0 -15"><span class='ocrx_word' id='word_1_210' title='bbox 159 1883 331 1941; x_wconf 80' lang='lat' dir='ltr'><strong>facere,</strong></span> <span class='ocrx_word' id='word_1_211' title='bbox 361 1901 451 1930; x_wconf 85' lang='lat' dir='ltr'><strong>non</strong></span> <span class='ocrx_word' id='word_1_212' title='bbox 482 1885 624 1930; x_wconf 85' lang='lat' dir='ltr'>debeo</span> <span class='ocrx_word' id='word_1_213' title='bbox 652 1884 728 1945; x_wconf 79' lang='lat' dir='ltr'><strong>ipfi</strong></span> <span class='ocrx_word' id='word_1_214' title='bbox 761 1882 1048 1937; x_wconf 83' lang='lat' dir='ltr'><strong>beneficium,</strong></span> <span class='ocrx_word' id='word_1_215' title='bbox 1078 1881 1151 1928; x_wconf 89' lang='lat' dir='ltr'><strong>sed</strong></span> <span class='ocrx_word' id='word_1_216' title='bbox 1176 1883 1364 1945; x_wconf 79' lang='lat' dir='ltr'><strong>cogenti.</strong></span> <span class='ocrx_word' id='word_1_217' title='bbox 1390 1882 1435 1930; x_wconf 84' lang='lat' dir='ltr'><strong>Si</strong></span> 
     </span>
     <span class='ocr_line' id='line_1_26' title="bbox 160 1955 1434 2017; baseline -0.002 -14"><span class='ocrx_word' id='word_1_218' title='bbox 160 1957 328 2004; x_wconf 78' lang='lat' dir='ltr'><strong>neceffe</strong></span> <span class='ocrx_word' id='word_1_219' title='bbox 347 1957 408 2004; x_wconf 93' lang='lat' dir='ltr'><strong>est</strong></span> <span class='ocrx_word' id='word_1_220' title='bbox 434 1958 495 2003; x_wconf 87' lang='lat' dir='ltr'><strong>illi</strong></span> <span class='ocrx_word' id='word_1_221' title='bbox 523 1958 634 2002; x_wconf 92' lang='lat' dir='ltr'><strong>velle</strong></span> <span class='ocrx_word' id='word_1_222' title='bbox 658 1958 718 2003; x_wconf 91' lang='lat' dir='ltr'><strong>ob</strong></span> <span class='ocrx_word' id='word_1_223' title='bbox 747 1957 833 2002; x_wconf 92' lang='lat' dir='ltr'><strong>hoc</strong></span> <span class='ocrx_word' id='word_1_224' title='bbox 850 1991 864 2012; x_wconf 92' lang='lat'><strong><em>,</em></strong></span> <span class='ocrx_word' id='word_1_225' title='bbox 889 1955 988 2017; x_wconf 78' lang='lat' dir='ltr'><strong>quia</strong></span> <span class='ocrx_word' id='word_1_226' title='bbox 1008 1955 1113 2000; x_wconf 80' lang='lat' dir='ltr'><strong>nihil</strong></span> <span class='ocrx_word' id='word_1_227' title='bbox 1133 1955 1263 2001; x_wconf 78' lang='lat' dir='ltr'>habet</span> <span class='ocrx_word' id='word_1_228' title='bbox 1283 1956 1434 2002; x_wconf 79' lang='lat' dir='ltr'><strong>melius</strong></span> 
     </span>
     <span class='ocr_line' id='line_1_27' title="bbox 161 2025 1434 2091; baseline -0.002 -17"><span class='ocrx_word' id='word_1_229' title='bbox 161 2030 284 2089; x_wconf 86' lang='lat' dir='ltr'><strong>quod</strong></span> <span class='ocrx_word' id='word_1_230' title='bbox 309 2030 416 2075; x_wconf 89' lang='lat' dir='ltr'><strong>velit</strong></span> <span class='ocrx_word' id='word_1_231' title='bbox 435 2065 448 2086; x_wconf 91' lang='lat'>,</span> <span class='ocrx_word' id='word_1_232' title='bbox 469 2029 560 2091; x_wconf 88' lang='lat' dir='ltr'><strong>ipse</strong></span> <span class='ocrx_word' id='word_1_233' title='bbox 589 2029 628 2074; x_wconf 91' lang='lat' dir='ltr'><strong>se</strong></span> <span class='ocrx_word' id='word_1_234' title='bbox 662 2028 792 2090; x_wconf 84' lang='lat' dir='ltr'><strong>cogit.</strong></span> <span class='ocrx_word' id='word_1_235' title='bbox 818 2029 877 2072; x_wconf 84' lang='lat' dir='ltr'><strong>Ita</strong></span> <span class='ocrx_word' id='word_1_236' title='bbox 897 2025 1017 2088; x_wconf 76' lang='lat' dir='ltr'><strong>quod</strong></span> <span class='ocrx_word' id='word_1_237' title='bbox 1046 2039 1248 2087; x_wconf 74' lang='lat' dir='ltr'><strong>tanquam</strong></span> <span class='ocrx_word' id='word_1_238' title='bbox 1279 2029 1434 2072; x_wconf 53' lang='lat' dir='ltr'><strong>coacto</strong></span> 
     </span>
     <span class='ocr_line' id='line_1_28' title="bbox 161 2098 1436 2162; baseline -0.001 -17"><span class='ocrx_word' id='word_1_239' title='bbox 161 2117 252 2146; x_wconf 88' lang='lat' dir='ltr'><strong>non</strong></span> <span class='ocrx_word' id='word_1_240' title='bbox 286 2102 487 2148; x_wconf 86' lang='lat' dir='ltr'>deberem</span> <span class='ocrx_word' id='word_1_241' title='bbox 504 2138 517 2157; x_wconf 86' lang='lat'><strong><em>,</em></strong></span> <span class='ocrx_word' id='word_1_242' title='bbox 552 2116 756 2162; x_wconf 71' lang='lat' dir='ltr'><strong>tanquam</strong></span> <span class='ocrx_word' id='word_1_243' title='bbox 791 2099 964 2161; x_wconf 86' lang='lat' dir='ltr'><strong>cogenti</strong></span> <span class='ocrx_word' id='word_1_244' title='bbox 997 2098 1152 2143; x_wconf 85' lang='lat' dir='ltr'>debeo.</span> <span class='ocrx_word' id='word_1_245' title='bbox 1189 2098 1402 2145; x_wconf 75' lang='lat' dir='ltr'><strong>Desinant</strong></span> <span class='ocrx_word' id='word_1_246' title='bbox 1421 2133 1436 2157; x_wconf 92' lang='lat'><strong><em>,</em></strong></span> 
     </span>
     <span class='ocr_line' id='line_1_29' title="bbox 162 2170 1434 2236; baseline -0.002 -18"><span class='ocrx_word' id='word_1_247' title='bbox 162 2172 330 2236; x_wconf 84' lang='lat' dir='ltr'><strong>inquit,</strong></span> <span class='ocrx_word' id='word_1_248' title='bbox 362 2175 485 2220; x_wconf 90' lang='lat' dir='ltr'><strong>velle.</strong></span> <span class='ocrx_word' id='word_1_249' title='bbox 514 2175 614 2218; x_wconf 89' lang='lat' dir='ltr'><strong>Hoc</strong></span> <span class='ocrx_word' id='word_1_250' title='bbox 644 2173 746 2218; x_wconf 92' lang='lat' dir='ltr'><strong>loco</strong></span> <span class='ocrx_word' id='word_1_251' title='bbox 776 2172 851 2216; x_wconf 89' lang='lat' dir='ltr'><strong>tibi</strong></span> <span class='ocrx_word' id='word_1_252' title='bbox 874 2185 1087 2216; x_wconf 77' lang='lat' dir='ltr'><strong>occurrat.</strong></span> <span class='ocrx_word' id='word_1_253' title='bbox 1115 2170 1227 2229; x_wconf 83' lang='lat' dir='ltr'><strong>Quis</strong></span> <span class='ocrx_word' id='word_1_254' title='bbox 1245 2185 1330 2215; x_wconf 82' lang='lat' dir='ltr'><strong>tam</strong></span> <span class='ocrx_word' id='word_1_255' title='bbox 1354 2172 1434 2216; x_wconf 88' lang='lat' dir='ltr'><strong>de-</strong></span> 
     </span>
     <span class='ocr_line' id='line_1_30' title="bbox 161 2241 1434 2308; baseline -0.002 -17"><span class='ocrx_word' id='word_1_256' title='bbox 161 2263 284 2293; x_wconf 84' lang='lat' dir='ltr'><strong>mens</strong></span> <span class='ocrx_word' id='word_1_257' title='bbox 301 2247 362 2293; x_wconf 90' lang='lat' dir='ltr'><strong>est</strong></span> <span class='ocrx_word' id='word_1_258' title='bbox 376 2283 388 2303; x_wconf 69' lang='lat'><em>⁵</em></span> <span class='ocrx_word' id='word_1_259' title='bbox 411 2263 459 2293; x_wconf 90' lang='lat' dir='ltr'><strong>ut</strong></span> <span class='ocrx_word' id='word_1_260' title='bbox 475 2265 570 2293; x_wconf 78' lang='lat' dir='ltr'><strong>eam</strong></span> <span class='ocrx_word' id='word_1_261' title='bbox 601 2259 730 2308; x_wconf 84' lang='lat' dir='ltr'><strong>neget</strong></span> <span class='ocrx_word' id='word_1_262' title='bbox 748 2245 1018 2290; x_wconf 79' lang='lat' dir='ltr'><strong>voluntatem</strong></span> <span class='ocrx_word' id='word_1_263' title='bbox 1039 2243 1124 2288; x_wconf 80' lang='lat' dir='ltr'><strong>effe</strong></span> <span class='ocrx_word' id='word_1_264' title='bbox 1137 2278 1149 2299; x_wconf 87' lang='lat'>,</span> <span class='ocrx_word' id='word_1_265' title='bbox 1177 2243 1247 2287; x_wconf 88' lang='lat' dir='ltr'><strong>cui</strong></span> <span class='ocrx_word' id='word_1_266' title='bbox 1267 2260 1355 2287; x_wconf 67' lang='lat' dir='ltr'><strong>non</strong></span> <span class='ocrx_word' id='word_1_267' title='bbox 1373 2241 1434 2288; x_wconf 88' lang='lat' dir='ltr'><strong>est</strong></span> 
     </span>
     <span class='ocr_line' id='line_1_31' title="bbox 162 2316 1431 2383; baseline -0.004 -18"><span class='ocrx_word' id='word_1_268' title='bbox 162 2320 401 2383; x_wconf 86' lang='lat' dir='ltr'><strong>periculum</strong></span> <span class='ocrx_word' id='word_1_269' title='bbox 423 2320 671 2374; x_wconf 76' lang='lat' dir='ltr'><strong>desinendi,</strong></span> <span class='ocrx_word' id='word_1_270' title='bbox 700 2316 988 2379; x_wconf 87' lang='lat' dir='ltr'><strong>vertendique</strong></span> <span class='ocrx_word' id='word_1_271' title='bbox 1007 2317 1047 2361; x_wconf 89' lang='lat' dir='ltr'><strong>se</strong></span> <span class='ocrx_word' id='word_1_272' title='bbox 1072 2316 1113 2359; x_wconf 86' lang='lat' dir='ltr'><strong>in</strong></span> <span class='ocrx_word' id='word_1_273' title='bbox 1136 2317 1431 2374; x_wconf 74' lang='lat' dir='ltr'><strong>contrarium:</strong></span> 
     </span>
     <span class='ocr_line' id='line_1_32' title="bbox 163 2387 1436 2451; baseline -0.004 -13"><span class='ocrx_word' id='word_1_274' title='bbox 163 2408 263 2438; x_wconf 84' lang='lat' dir='ltr'><strong>cum</strong></span> <span class='ocrx_word' id='word_1_275' title='bbox 296 2409 351 2438; x_wconf 84' lang='lat' dir='ltr'><strong>ex</strong></span> <span class='ocrx_word' id='word_1_276' title='bbox 383 2393 560 2437; x_wconf 85' lang='lat' dir='ltr'><strong>diverso</strong></span> <span class='ocrx_word' id='word_1_277' title='bbox 595 2405 728 2435; x_wconf 83' lang='lat' dir='ltr'><strong>nemo</strong></span> <span class='ocrx_word' id='word_1_278' title='bbox 758 2406 896 2451; x_wconf 82' lang='lat' dir='ltr'><strong>aeque</strong></span> <span class='ocrx_word' id='word_1_279' title='bbox 932 2387 1076 2433; x_wconf 88' lang='lat' dir='ltr'><strong>videri</strong></span> <span class='ocrx_word' id='word_1_280' title='bbox 1111 2388 1261 2433; x_wconf 73' lang='lat' dir='ltr'>debeat</span> <span class='ocrx_word' id='word_1_281' title='bbox 1295 2387 1404 2434; x_wconf 82' lang='lat' dir='ltr'><strong>velle</strong></span> <span class='ocrx_word' id='word_1_282' title='bbox 1419 2421 1436 2443; x_wconf 86' lang='lat'><em>,</em></span> 
     </span>
     <span class='ocr_line' id='line_1_33' title="bbox 163 2459 1442 2528; baseline -0.003 -18"><span class='ocrx_word' id='word_1_283' title='bbox 163 2481 293 2528; x_wconf 83' lang='lat' dir='ltr'><strong>quam</strong></span> <span class='ocrx_word' id='word_1_284' title='bbox 318 2465 440 2512; x_wconf 87' lang='lat' dir='ltr'><strong>cuius</strong></span> <span class='ocrx_word' id='word_1_285' title='bbox 467 2465 670 2513; x_wconf 76' lang='lat' dir='ltr'><strong>voluntas</strong></span> <span class='ocrx_word' id='word_1_286' title='bbox 691 2462 821 2526; x_wconf 85' lang='lat' dir='ltr'><strong>usque</strong></span> <span class='ocrx_word' id='word_1_287' title='bbox 849 2477 906 2510; x_wconf 89' lang='lat' dir='ltr'><strong>eo</strong></span> <span class='ocrx_word' id='word_1_288' title='bbox 933 2475 1049 2509; x_wconf 78' lang='lat' dir='ltr'><strong>certa</strong></span> <span class='ocrx_word' id='word_1_289' title='bbox 1077 2459 1162 2521; x_wconf 82' lang='lat' dir='ltr'><strong>est,</strong></span> <span class='ocrx_word' id='word_1_290' title='bbox 1190 2476 1236 2508; x_wconf 84' lang='lat' dir='ltr'><strong>ut</strong></span> <span class='ocrx_word' id='word_1_291' title='bbox 1261 2474 1442 2508; x_wconf 82' lang='lat' dir='ltr'><strong>aeterna-</strong></span> 
     </span>
    </p>
   </div>
  </div>
 </body>
</html>
