1742 2967
368 162 467 209 DE
514 163 940 210 BENEFICIIS
993 166 1120 210 [ΞΒ.
1170 168 1244 211 Vl.
1359 182 1441 229 291

181 283 368 331 quorum
395 267 562 314 animus
581 268 816 314 simillimus
844 268 902 314 cst
927 285 1067 331 pravo
1088 286 1238 317 amore
1261 270 1448 334 flagran-

180 341 317 398 tibus,
343 340 419 403 qui
446 340 609 387 amicae
636 340 731 387 suae
751 353 905 403 optant
923 341 1113 388 exsilium
1131 378 1144 400 ‚
1172 356 1220 388 ut
1241 343 1449 389 desertam

179 410 510 476 fugientemque
531 413 820 460 comitentur:
837 426 989 477 optant
1011 414 1203 476 inopiam
1217 450 1229 470 ‚
1249 427 1296 461 ut
1314 416 1449 479 magis

179 486 433 533 desideranti
453 487 644 533 donent:
662 498 814 549 optant
835 487 1040 534 morbum
1057 520 1070 542 ‚
1088 500 1136 534 ut
1155 488 1357 534 assideant
1378 507 1387 534 :
1407 503 1450 536 et

180 559 397 622 quidquid
434 558 635 606 inimicus
671 570 866 621 optaret,
903 571 1093 607 amantes
1127 571 1309 608 vovent.
1345 563 1448 607 Fere

176 633 292 680 idem
318 634 461 697 itaque
491 635 627 681 exitus
662 633 722 679 est
747 634 870 690 odii,
900 645 941 680 et
977 635 1137 682 amoris
1166 635 1312 682 insani.
1340 636 1464 682 Tale'

177 705 383 768 quiddam
409 718 451 752 et
471 707 536 752 his
559 705 737 763 accidit,
765 705 839 767 qui
869 707 1017 753 amicis
1049 707 1333 754 incommoda
1361 724 1448 771 op-

176 789 290 836 tant,
317 794 427 841 quae
458 780 709 837 detrahant,
735 791 778 825 et
810 779 862 824 ad
895 779 1151 826 beneficium
1183 780 1336 826 iniuria
1365 799 1448 828 ve-

177 848 302 894 niunt
318 867 328 895 :
346 866 446 896 cum
462 849 587 896 satius
606 849 653 896 fit
673 848 741 897 vel
757 849 929 907 ceffare,
948 866 1076 913 quam
1098 866 1175 911 per
1194 849 1327 898 scelus
1345 854 1447 899 offi-

175 919 247 965 cio
274 920 420 967 locum
451 938 667 983 quaerere.
699 921 822 981 Quid
845 922 876 966 fi
903 922 1166 984 gubernator
1185 938 1207 978 a
1230 923 1310 969 diis
1334 939 1446 971 tem—

173 992 352 1054 pestates
385 993 690 1050 infestiffimas‚
722 1009 763 1041 et
795 993 1002 1055 procellas
1031 1005 1172 1056 petat,
1204 1007 1252 1041 ut
1280 998 1446 1058 gratior

172 1081 238 1111 ars
258 1066 328 1111 sua
351 1066 546 1128 periculo
564 1065 668 1112 fiat?
696 1065 801 1129 quid
820 1065 848 1111 si
867 1067 1105 1128 imperator
1125 1067 1230 1113 deos
1251 1083 1369 1124 oret,
1395 1084 1445 1118 ut

172 1133 331 1199 magna
353 1137 420 1185 vis
447 1136 636 1183 hostium
667 1135 924 1183 circumfusa
951 1135 1121 1193 castris,
1148 1136 1277 1184 fossas
1302 1138 1445 1186 subito

170 1206 338 1270 impetu
357 1209 600 1270 compleat,
620 1221 662 1254 et
676 1208 838 1254 vallum
858 1208 1101 1270 trepidante
1121 1210 1313 1256 exercitu
1335 1227 1444 1265 con-

170 1280 326 1335 vellat,
357 1291 399 1326 et
416 1280 462 1326 in
478 1279 577 1342 ipsis
597 1280 735 1342 portis
762 1278 915 1326 infesta
935 1278 1048 1343 figna
1076 1280 1327 1340 constituat,
1349 1301 1441 1347 quo

169 1351 336 1398 maiore
354 1369 453 1398 cum
474 1351 612 1415 gloria
630 1352 754 1398 rebus
780 1351 902 1414 lapsis
924 1350 1247 1415 profligatisque
1264 1354 1443 1401 succur-

168 1425 266 1472 rat?
297 1427 465 1472 Omnes
484 1424 551 1470 isti
578 1425 788 1477 beneficia
807 1425 878 1472 sua
903 1424 1138 1471 detestabili
1155 1427 1226 1472 via
1251 1427 1441 1487 ducunt,

168 1498 243 1561 qui
262 1499 370 1545 deos
388 1511 545 1545 contra
563 1514 661 1544 eum
681 1498 915 1556 advocant,
937 1497 1009 1544 cui
1028 1496 1106 1560 ipfi
1122 1497 1297 1546 affuturi
1316 1500 1439 1559 sunt,

167 1583 209 1617 ct
232 1583 328 1617 ante
346 1571 444 1617 illos
462 1570 612 1626 sterni,
633 1586 762 1632 quam
780 1569 886 1632 erigi
906 1569 1074 1617 volunt.
1108 1571 1345 1618 Inhumana
1364 1571 1439 1618 ista

167 1644 372 1707 perverse
403 1643 510 1706 grati
532 1641 664 1688 animi
689 1658 838 1688 natura
857 1641 943 1700 est,
968 1654 1119 1689 contra
1138 1659 1235 1690 eum
1258 1658 1440 1707 optare,

168 1717 237 1764 cui
263 1716 443 1764 honeste
465 1716 602 1763 deesse
630 1732 721 1762 non
746 1715 892 1777 poffis.

234 1792 406 1841 XXVI.
425 1791 527 1836 Non
548 1801 682 1835 nocet
698 1788 758 1834 illi
778 1801 934 1835 votum
956 1806 1128 1848 meum,
1157 1789 1317 1853 inquit,
1336 1790 1440 1854 quia

168 1863 292 1910 simul
323 1873 432 1924 opto
460 1877 502 1908 et
530 1861 796 1924 periculum,
823 1876 867 1907 et
891 1862 1144 1909 remedium.
1170 1863 1271 1909 Hoc
1300 1862 1406 1909 dicis
1423 1897 1439 1919 ,

166 1935 364 1983 nonnihil
386 1950 427 1981 te
457 1950 662 1996 peccare,
687 1933 759 1980 sed
783 1934 923 1981 minus
960 1951 1086 1997 quam
1123 1934 1153 1980 fi
1181 1933 1266 1981 fine
1294 1951 1437 1981 reme-

166 2009 243 2055 dio
272 2005 514 2069 periculum
546 2021 733 2068 optares.
766 2005 973 2068 Nequitia
1005 2006 1064 2053 est
1084 2039 1098 2061 ‚
1136 2017 1186 2052 ut
1213 2006 1442 2063 extrahas,

169 2094 394 2141 mergere3
410 2088 629 2132 evertere,
649 2090 696 2122 ut
712 2075 905 2131 suscites3
923 2089 969 2122 ut
989 2078 1157 2125 emittas
1172 2110 1186 2134 ‚
1207 2077 1441 2125 includere.

168 2153 272 2198 Non
299 2151 360 2198 est
386 2148 675 2206 beneficium,
700 2150 880 2197 iniuriae
905 2150 1032 2199 finis:
1063 2168 1143 2198 nec
1171 2167 1364 2214 unquam
1392 2150 1438 2196 id

166 2224 395 2272 detraxisse
414 2224 618 2270 meritum
638 2224 697 2271 est
713 2257 726 2279 ‚
749 2226 872 2288 quod
900 2227 1014 2289 ipse,
1033 2228 1109 2290 qui
1135 2226 1339 2283 detraxit,
1368 2225 1438 2270 in-

166 2298 331 2344 tulerat.
363 2296 468 2342 Non
494 2296 697 2343 vulneres
725 2313 795 2343 me
824 2297 969 2355 malo,
999 2315 1129 2361 quam
1159 2299 1288 2345 sanes·
1312 2311 1439 2360 potes

167 2369 276 2416 inire
301 2370 480 2432 gratiam
498 2403 511 2427 ,
530 2368 562 2414 fi
576 2404 590 2425 ‚
620 2368 723 2433 quia
741 2369 986 2417 vulneratus
1005 2372 1095 2419 sum
1109 2408 1123 2431 ,
1146 2373 1262 2421 sanas
1284 2392 1295 2420 ε
1314 2391 1405 2422 non
1422 2409 1438 2432 ‚

166 2443 197 2490 fi
221 2444 418 2494 vulneras
433 2478 447 2503 ‚
472 2458 520 2490 ut
539 2441 749 2492 sanandus
767 2440 857 2491 fini.
873 2446 1110 2510 Nunquam
1129 2449 1309 2497 cicatrix
1325 2485 1342 2508 ,
1360 2452 1439 2498 n-ifi

1111 2512 1216 2559 Ta
