1742 2967
298 157 385 207 188
533 159 582 206 L.
632 158 928 206 ANNAEI
978 160 1331 208 SENECAE

289 283 345 312 ne
363 277 569 313 contenta
591 265 664 314 est.
692 267 814 327 Quid
841 268 956 313 enim
988 279 1076 314 erat
1101 269 1180 315 tuti
1199 269 1402 316 adversus
1424 287 1574 333 repen-

287 340 378 388 tina
396 362 410 399 3
430 341 534 404 quid
564 341 732 387 animus
757 358 964 405 magnum
994 343 1271 404 promitteret
1292 343 1364 389 sibi
1381 380 1393 401 ,
1426 342 1455 388 {i
1477 361 1574 391 cer-

287 423 378 458 tam
404 413 614 460 virtutem
646 411 821 458 fortuna
852 413 1071 460 mutaret?
1107 415 1147 460 Si
1173 431 1264 460 non
1297 416 1369 462 dat
1402 414 1573 462 benefi⁶

287 484 406 532 cium
438 485 587 532 servus
612 484 823 542 domino,
854 503 935 532 nec
966 486 1056 550 regi
1088 486 1315 550 quisquam
1347 486 1454 544 suo,
1490 504 1572 534 nec

285 559 388 607 duci
415 558 491 605 suo
524 558 661 605 miles.
710 558 833 620 Quid
860 559 976 607 enim
1006 560 1206 618 interest,
1234 561 1350 623 quali
1378 562 1474 624 quis
1506 574 1572 609 te-

284 646 437 680 neatur
470 632 660 696 imperio
679 665 693 689 ‚
717 634 748 679 fi
779 633 951 681 summo
981 635 1183 682 tenetur?
1222 637 1333 682 Nam
1360 635 1388 680 fi
1412 635 1571 695 serv0,
1623 634 1625 638 ¹

283 723 377 770 quo
394 707 537 754 minus
557 707 602 753 in
620 724 784 754 nomen
811 709 956 756 meriti
977 709 1231 772 perveniat,
1251 709 1470 756 neceffitas
1489 710 1570 755 ob·
1595 716 1599 719 ’

282 777 368 834 est,
400 789 443 825 et
469 778 660 842 patiendi
689 780 842 827 ultima
872 781 1039 828 timor:
1069 781 1186 828 idem
1216 781 1326 828 istud
1356 782 1570 839 obstabit,

280 865 325 898 et
349 852 387 898 ei
409 851 486 915 qui
514 868 664 916 regem
693 852 844 909 habet,
875 866 917 900 et
934 853 973 900 ei
1005 853 1082 917 qui
1118 855 1303 901 ducem:
1327 854 1567 919 quoniam,

278 923 357 971 sub
389 923 547 986 dispari
577 925 733 982 titulo,
766 926 883 987 paria
914 926 958 971 in
991 926 1089 972 illos
1121 926 1265 973 licent.
1298 927 1431 990 Atqui
1464 927 1568 973 dant

277 997 452 1060 regibus
478 999 587 1055 suis,
617 1000 718 1045 dant
747 1000 1087 1062 imperatoribus
1120 999 1359 1047 beneficia:
1382 1017 1488 1064 ergo
1522 1015 1566 1047 et

277 1070 485 1118 dominis.
522 1071 665 1117 Potest
695 1073 840 1118 servus
863 1072 994 1119 iustus
1015 1072 1125 1129 effe,
1152 1072 1293 1134 potest
1313 1072 1464 1130 fortis,
1482 1089 1564 1135 po·

274 1142 357 1188 test
391 1144 728 1205 magnanimus:
763 1162 869 1208 ergo
898 1158 940 1191 et
971 1144 1235 1193 beneficium
1273 1146 1376 1193 dare
1407 1144 1564 1207 potest.

275 1218 389 1264 Nam
418 1232 459 1264 et
480 1221 566 1266 hoc
587 1221 761 1268 virtutis
790 1222 863 1268 est.
890 1223 1093 1284 adeoque
1127 1222 1319 1268 dominis
1341 1223 1455 1269 servi
1483 1223 1563 1269 be·
1620 1272 1622 1275 ,
1666 1275 1671 1279 ἡ
1716 1247 1734 1262 w-

273 1290 432 1337 neficia
460 1292 635 1353 poffunt
662 1294 793 1351 dare,
822 1307 869 1340 ut
894 1295 1009 1358 ipsos
1035 1295 1158 1358 saepe
1189 1294 1391 1341 beneficii
1413 1296 1472 1341 sui
1494 1295 1560 1342 fe-

272 1365 425 1412 cerint.
461 1367 567 1413 Non
593 1366 862 1431 estdubium
881 1403 893 1425 ,
919 1385 972 1413 an
997 1358 1144 1415 servus
1172 1368 1435 1415 beneficium
1458 1369 1560 1415 dare

269 1437 400 1500 poffit
420 1439 620 1486 cuilibet:
640 1458 773 1503 quare
789 1457 895 1504 ergo
915 1458 1004 1486 non
1021 1455 1063 1488 et
1081 1442 1268 1487 domino
1291 1441 1369 1488 suo
1391 1442 1519 1504 poffit
1537 1442 1557 1489 ἓ

335 1514 464 1560 XIX.
492 1514 607 1575 Quia
636 1532 727 1562 non
762 1516 931 1579 potest,
963 1516 1132 1578 inquit,
1163 1515 1355 1561 creditor
1383 1516 1557 1563 domini

267 1583 331 1630 sui
365 1584 489 1643 fieri,
514 1587 545 1632 sl
573 1589 802 1651 pecuniam
828 1588 888 1634 illi
914 1589 1098 1634 dederit.
1137 1588 1318 1651 Alioqui
1352 1590 1555 1650 quotidie

266 1658 498 1705 dominum
536 1660 658 1707 suum
691 1661 855 1723 obligat
886 1679 895 1707 :
932 1661 1285 1724 peregrinantem
1328 1660 1551 1724 sequitur,

265 1746 401 1795 aegro
431 1733 664 1791 ministrat,
693 1748 738 1781 et
762 1735 911 1781 labore
937 1734 1110 1780 summo
1141 1733 1262 1780 colit.
1299 1735 1461 1779 Omnia
1483 1747 1550 1781 ta-

263 1820 368 1851 men
390 1805 492 1864 ista,
514 1824 627 1868 quae
649 1808 735 1854 alio
762 1807 1000 1869 praestante
1032 1805 1242 1852 beneficia
1277 1807 1550 1866 dicerentur,

263 1876 505 1940 praestante
522 1879 649 1927 servo
670 1880 906 1926 ministeria
929 1879 1041 1926 sunt.
1078 1878 1344 1926 Beneficium
1365 1880 1482 1926 enim
1501 1880 1547 1926 id

263 1950 351 2008 est,
367 1952 486 2015 quod
507 1952 602 2015 quis
624 1953 757 2008 dedit,
775 1971 875 2000 cum
899 1956 955 2001 illi
977 1957 1125 2002 liceret
1145 1970 1187 2000 et
1206 1970 1294 1999 non
1316 1955 1446 2001 dare:
1469 1954 1546 2000 ser·

263 2039 346 2071 vus
375 2037 516 2071 autem
543 2043 635 2072 non
659 2025 788 2073 habet
822 2028 1007 2089 negandi
1035 2025 1289 2089 potestatem
1316 2045 1327 2072 t
1365 2028 1422 2073 ita
1454 2042 1546 2072 non

259 2097 465 2160 praestat,
486 2099 558 2146 sed
583 2113 731 2162 paret;
767 2118 848 2148 nec
864 2133 877 2155 ‚
898 2102 942 2148 id
966 2101 1005 2148 se
1035 2100 1209 2153 fecisse,
1243 2100 1396 2156 iactat,
1419 2099 1544 2164 quod

258 2186 349 2216 non
376 2170 517 2218 facere
537 2188 626 2218 non
651 2172 807 2235 potuit.
846 2175 987 2222 Etiam
1010 2175 1085 2221 sub
1115 2175 1191 2220 ista
1214 2175 1307 2239 lege
1332 2175 1502 2223 vincam
1523 2205 1539 2230 ‚

257 2257 301 2289 et
320 2262 375 2292 eo
396 2246 630 2306 perducam
659 2247 833 2295 servum
853 2285 866 2305 ‚
893 2248 1005 2294 utin
1033 2250 1166 2295 multa
1194 2249 1304 2295 liber
1324 2249 1385 2296 fit.
1421 2253 1536 2297 lnte-

254 2314 340 2360 rim
367 2316 439 2363 dic
465 2316 570 2362 mihi
588 2354 601 2373 ‚
622 2318 651 2363 fi
673 2318 749 2365 tibi
777 2319 1008 2366 ostendero
1037 2320 1225 2382 aliquem
1252 2320 1422 2367 servum
1450 2336 1535 2384 pro

254 2385 387 2433 salute
418 2389 589 2436 domini
623 2390 711 2446 sui,
741 2390 827 2440 fine
858 2391 1055 2453 respectu
1087 2392 1148 2438 sui
1179 2393 1460 2440 dimicantem
1491 2408 1536 2441 et

254 2460 503 2508 confossum
535 2465 816 2525 vulneribus,
842 2467 1043 2530 reliquias
1067 2478 1213 2514 tamen
1242 2466 1458 2530 sanguinis
1477 2466 1534 2514 ab
