1742 2967
270 137 361 201 248
504 141 556 189 L.
592 141 888 192 ΑΝΝΑΕῙ
940 143 1325 191 SENECAE

262 249 384 296 illum
403 247 617 296 docuisset
644 249 859 313 regnare?
887 266 1040 313 parum
1069 250 1230 314 scilicet
1247 268 1453 315 magnum
1474 252 1546 300 be·

261 321 467 369 neficium
487 339 510 368 a
529 324 707 369 Socrate
725 323 989 385 accipiebat,
1008 322 1037 368 fi
1061 323 1198 369 ullum
1218 325 1329 370 dare*
1343 325 1547 386 potuisset

261 397 441 445 Socrati.
473 400 624 459 Quare
650 411 758 462 ergo
790 398 877 444 hoc
904 400 1101 445 Socrates
1131 398 1268 445 dixit?
1320 399 1402 446 Vir
1416 400 1545 449 ⁴face-

264 482 358 528 tus,
392 484 437 519 et
468 472 591 518 cuius
623 488 702 534 per
730 471 890 536 figuras
926 472 1070 519 sermo
1109 474 1367 535 procedere.
1393 474 1542 524 solitus

261 558 379 604 erat,
401 545 567 592 derisor
592 546 821 603 omnium,
853 546 1046 594 maxime
1087 547 1330 610 potentium
1347 583 1360 606 ,
1394 548 1541 598 maluit

259 617 321 665 illi
341 619 504 676 -nasute
535 636 715 684 negare,
750 638 881 684 quam
914 621 1234 670 contumaciter
1267 638 1316 669 ac
1346 622 1541 685 superbe.

260 692 390 739 Dixit
408 692 451 741 se
475 694 592 742 nolle
612 694 826 742 beneficia
845 696 899 742 ab
916 713 972 743 eo
990 696 1191 759 accipere
1204 731 1217 753 ‚
1237 695 1308 742 cui
1328 712 1419 742 non
1441 697 1541 759 pos-

260 766 329 813 set
347 766 463 829 paria
478 768 684 830 reddere.
710 768 885 814 Timuit
914 767 1091 814 fortasse
1107 803 1119 825 ‚
1147 785 1201 814 ne
1220 782 1454 831 cogeretur
1474 786 1541 815 ac·

257 838 410 901 cipere
435 847 547 903 quae
580 841 756 887 nolletz·
776 841 945 898 timuit,
971 858 1025 887 ne
1056 841 1164 901 quid
1195 840 1422 904 indignum
1457 843 1539 888 So-

257 924 376 958 crate
409 914 638 977 acciperet.
689 914 828 964 Dicet
860 914 1042 977 aliquis:
1066 913 1296 976 *Negaffess
1328 914 1358 959 fi
1391 915 1539 963 nollet.

257 986 343 1032 Sed
370 986 601 1050 instigasset
620 988 662 1034 in
681 985 723 1034 se
750 1004 897 1051 regem
923 986 1182 1033 insolentem
1202 1022 1215 1044 ,
1235 1001 1277 1033 et
1296 987 1446 1033 omnia
1467 988 1539 1035 sua

255 1059 423 1122 magno
445 1059 659 1106 aestimari
686 1058 1083 1107 volentemfNihil
1114 1059 1167 1105 ad
1197 1069 1302 1106 remv
1322 1059 1540 1121 pertinet,

255 1133 405 1178 utrum
434 1133 538 1179 dare
564 1129 731 1196 aliqui-d
749 1133 851 1197 regi
880 1133 1017 1189 nolis,
1043 1149 1098 1178 an
1129 1132 1326 1194 accipere
1353 1149 1374 1177 a
1403 1149 1539 1196 rege:

253 1204 300 1251 in
318 1208 462 1270 aequo
486 1216 716 1271 utramque
735 1207 862 1270 ponit
886 1206 1125 1269 repulsam:
1147 1223 1190 1253 et
1210 1207 1398 1269 superbo
1421 1208 1537 1254 fasti-

254 1278 340 1325 diri
362 1280 561 1327 acerbius
584 1281 645 1327 est
662 1316 675 1338 ‚
702 1297 835 1343 quam
865 1296 957 1326 non
989 1279 1144 1326 timeri.
1173 1280 1251 1327 Vis
1275 1280 1403 1338 scire,
1429 1281 1536 1343 quid

253 1369 360 1400 vere
378 1342 601 1402 noluerit?
632 1356 791 1403 Noluit
814 1355 876 1403 ire
897 1356 951 1402 ad
973 1354 1263 1403 voluntariam
1283 1356 1535 1402 servitutem

250 1423 287 1471 is
300 1459 314 1483 ‚
334 1425 456 1472 cuius
476 1418 720 1474 libertatem
740 1420 896 1475 civitas
915 1420 1048 1474 libera
1068 1427 1182 1474 ferre
1201 1444 1292 1473 non
1313 1427 1475 1489 potuit.·
1502 1460 1506 1462 -

315 1499 413 1545 VlI.
431 1500 560 1558 Satis,
585 1512 631 1548 ut
650 1501 853 1548 existimo
868 1538 881 1561 ‚
896 1503 1008 1549 hanc
1031 1514 1200 1565 partem
1232 1501 1542 1560 tractavimus,

251 1586 308 1617 an
341 1583 468 1634 turpe
501 1572 604 1620 effet
635 1573 860 1621 beneficiis
887 1575 1006 1621 vinci
1032 1592 1042 1620 ε
1076 1575 1198 1638 quod
1229 1573 1305 1636 qui
1331 1573 1532 1636 quaerit,

250 1643 326 1690 scit
341 1660 438 1690 non
462 1644 602 1693 so'lere
625 1647 837 1694 homines
865 1648 942 1695 fibi
972 1648 1090 1712 ipsos
1118 1646 1382 1694 beneficium
1414 1647 1529 1694 dare.

248 1717 552 1779 manifestum*
573 1714 690 1769 enim
713 1721 904 1779 fuisset,
935 1738 1027 1768 non
1062 1722 1146 1768 effe
1176 1735 1306 1784 turpe
1338 1738 1362 1767 a
1391 1721 1530 1784 seipso

245 1791 380 1840 vi'nci.
410 1792 544 1859 Atqui
569 1797 687 1858 apud
717 1796 890 1861 Stoicos
915 1797 1128 1859 quosdam
1155 1810 1199 1842 et
1225 1797 1278 1842 de
1304 1796 1391 1842 hoc
1428 1812 1524 1856 am-

243 1865 437 1931 bigitur,
459 1885 511 1915 an
542 1871 674 1933 poffit
704 1870 859 1935 aliquis
892 1872 968 1918 fibi
1004 1870 1271 1919 beneficium
1304 1871 1443 1917 dare?
1470 1887 1524 1917 an

243 1939 398 2001 debeat
416 1942 579 1990 referre
602 1943 680 1990 fibi
707 1944 915 2007 gratiam?
941 1945 1065 2007 quod
1081 1957 1127 1991 ut
1147 1944 1370 1991 videretur
1392 1948 1536 2008 quae·v

243 2014 431 2062 rendum
447 2053 461 2075 ‚
486 2016 555 2063 illa
571 2016 784 2064 fecerunt.
815 2017 1018 2064 Solemus
1044 2017 1188 2064 dicere
1206 2053 1219 2073 ‚
1239 2017 1412 2065 Gratias
1437 2018 1524 2064 mi-

243 2088 290 2135 hi
307 2095 428 2157 ago,
455 2106 522 2151 et,
553 2097 625 2142 De
653 2095 773 2142 nullo
801 2093 926 2157 queri
954 2092 1127 2157 poffum
1157 2093 1273 2149 alio,
1307 2108 1436 2155 quam
1468 2092 1524 2137 de

241 2182 314 2212 me
337 2183 348 2212 ε
372 2170 466 2231 Ego
487 2169 594 2216 mihi
616 2169 802 2239 irascor,
825 2181 882 2224 et,
904 2170 1001 2231 Ego
1021 2185 1043 2213 a
1065 2169 1135 2213 me
1153 2183 1316 2230 poenas
1335 2167 1523 2229 exigam,

239 2247 307 2297 εἴ)
341 2241 433 2288 Odi
462 2259 547 2289 me.
577 2243 712 2291 multa
743 2256 963 2305 praeterea
993 2241 1273 2294 huiusmodi,
1294 2256 1383 2302 per
1411 2255 1520 2302 quae

243 2314 539 2379 unusquisque
565 2317 618 2362 de
646 2315 716 2371 se,
746 2312 952 2378 tanquam
978 2308 1034 2361 de
1062 2312 1197 2360 altero
1231 2313 1442 2375 loquitur.
1478 2309 1519 2356 Si

235 2402 428 2442 nocere,
449 2389 617 2452 inquit,
645 2388 751 2434 mihi
789 2387 982 2450 possum:
1009 2405 1140 2452 quare
1167 2404 1258 2433 non
1289 2399 1331 2431 et
1352 2382 1520 2432 benefi-

237 2459 305 2508 cia
324 2461 429 2509 mihi
446 2463 545 2509 dare
562 2462 767 2527 poss'um?
787 2465 1012 2510 Praeterea
1029 2479 1155 2527 quae,
1168 2461 1199 2508 fi
1213 2461 1256 2508 in
1271 2460 1402 2509 alium
1418 2467 1523 2506 'con-
