1742 2967
395 145 498 224 ΒΕ
543 175 978 225 BENEmcns
1027 181 1150 229 LlB.
1200 183 1276 230 w.
1377 200 1468 249 209

185 298 242 330 co
274 280 533 346 solidoque,
558 282 639 330 alia
668 282 714 329 in
743 283 929 331 humido
962 285 1248 346 innascentia,
1278 290 1356 336 alia
1386 309 1466 353 per

185 354 364 402 sublime
392 353 593 400 dimissa:
622 366 670 401 ut
695 355 840 401 omnis
870 372 1013 403 rerum
1047 370 1223 406 naturae
1255 379 1352 423 pars
1383 363 1466 410 tri-

186 425 343 473 butum
369 426 547 488 aliquod
567 426 693 474 nobis
714 426 946 475 conferret.
971 430 1166 476 Flumina
1185 432 1290 480 haec
1314 451 1465 481 amoe-

188 498 369 546 niffimis
399 497 586 546 flexibus
621 514 800 562 campos
838 501 1085 564 cingentia,
1110 503 1180 549 illa
1218 506 1464 567 praebitura

186 572 467 620 commerciis
491 572 634 627 viam,
666 573 790 620 vasto
816 586 859 620 et
888 575 1120 638 navigabili
1145 578 1266 624 cursu
1299 581 1464 626 vaden-

186 648 278 693 tia:
299 662 355 693 ex
382 644 538 709 quibus
556 645 769 709 quaedam
798 645 910 694 statis
938 647 1088 695 diebus
1110 650 1301 699 mirabile
1321 651 1462 699 incr-e-

186 733 383 767 mentum
413 718 613 774 trahunt,
641 730 688 766 ut
718 718 836 765 arida
863 734 905 766 et
937 719 1121 769 ferventi
1150 724 1332 770 subiecta
1359 741 1464 772 coe-

186 789 232 836 lo
257 790 355 836 loca
380 789 517 837 subita
535 789 606 837 vis
624 789 776 837 aestivi
803 791 1009 839 torrentis
1037 791 1198 857 irriget.
1226 795 1346 855 Quid
1367 814 1464 844 me-

187 862 432 910 dicatorum
451 864 715 911 torrentium
740 865 910 912 venae?
938 866 1045 929 quid
1066 867 1112 913 in
1139 867 1239 931 ipsis
1261 868 1463 919 litoribus

185 950 396 998 aquarum
423 936 652 985 calentium
678 937 951 986 exundatio?

447 1047 503 1092 Te
531 1047 629 1092 Lari
658 1046 874 1104 maxime,
906 1063 1018 1109 teque

188 1125 419 1185 Fluc‘libus,
455 1124 497 1172 ὃ·
516 1127 694 1185 fremitu
723 1124 928 1191 affingens
958 1131 1121 1176 Benace
1152 1130 1331 1178 marino.

254 1235 331 1281 vl.
360 1233 404 1280 Si
431 1250 570 1296 pauca
592 1235 689 1297 quis
714 1234 792 1282 tibi
821 1234 1018 1282 donass‘et
1042 1235 1220 1300 iugera,
1250 1237 1464 1301 accepisse

188 1316 231 1353 te
262 1307 428 1355 diceres
463 1306 752 1362 beneficium3
792 1308 1001 1355 immensa
1033 1322 1245 1356 terrarum
1273 1310 1353 1357 late
1384 1329 1463 1374 pa-

189 1380 375 1427 tentium
405 1380 534 1445 spatia
561 1398 690 1445 negas
719 1381 803 1428 effe
832 1381 1128 1429 beneficium?
1163 1383 1204 1428 Si
1232 1384 1465 1446 pecuniam

191 1453 270 1498 tibi
297 1452 450 1516 aliquis
479 1454 738 1510 donaverit,
764 1465 807 1500 et
833 1470 975 1501 arcam
1003 1466 1120 1501 tuam
1156 1453 1392 1518 (quoniam
1420 1455 1466 1503 id

188 1524 269 1571 tibi
288 1542 494 1589 magnum
515 1523 713 1590 videtur)
741 1526 1018 1588 impleverit,
1039 1527 1298 1574 beneficium
1326 1545 1465 1577 voca-

190 1599 256 1646 bis
276 1617 286 1645 :
307 1612 374 1645 tot
401 1601 570 1646 metalla
599 1599 793 1656 defodit,
820 1613 886 1647 tot
913 1599 1093 1646 flumina
1119 1601 1256 1648 emisit
1275 1601 1318 1647 in
1338 1618 1463 1659 aera,

190 1673 317 1735 super
335 1689 446 1733 quae
471 1673 707 1720 decurrunt
731 1673 819 1720 sola
843 1689 994 1719 aurum
1025 1674 1253 1731 vehentia;
1283 1675 1467 1737 argenti,

189 1747 328 1804 aeris,
349 1745 455 1793 ferri
476 1747 667 1793 immane
688 1746 865 1808 pondus
889 1744 1095 1792 omnibus
1118 1744 1225 1791 locis
1245 1744 1468 1802 obrutum,

190 1819 314 1866 cuius
332 1819 620 1883 investigandi
639 1818 718 1865 tibi
736 1817 982 1867 facultatem
1002 1818 1146 1872 dedit,
1168 1834 1218 1864 ac
1243 1816 1467 1864 latentium

192 1892 447 1941 divitiarum
473 1893 517 1940 in
543 1894 708 1940 summa
732 1904 842 1938 terra
876 1891 988 1955 signa
1019 1891 1230 1953 disposuit
1250 1905 1266 1937 a
1282 1906 1410 1953 negas
1428 1901 1470 1937 te

192 1966 401 2030 accepiffe
420 1965 680 2013 beneficium
699 1965 716 2013 ?
752 1965 795 2011 Si
821 1965 980 2011 domus
998 1963 1076 2010 tibi
1094 1965 1306 2018 donetur,
1322 1963 1366 2008 in
1388 1978 1473 2026 qua

193 2038 425 2084 marmoris
449 2037 615 2101 aliquid
637 2037 922 2100 resplendeat,
943 2052 985 2084 et
1002 2037 1165 2083 tectum
1190 2035 1382 2092 nitidius,
1401 2050 1475 2080 au-

192 2126 245 2156 ro
264 2125 337 2157 aut
355 2110 584 2158 coloribus
604 2111 792 2173 sparsum
812 2147 826 2168 ,
845 2127 936 2157 non
962 2110 1186 2157 mediocre
1210 2124 1367 2154 munus
1388 2123 1471 2155 vo«

195 2183 345 2230 cabis?
374 2183 523 2248 ingens
548 2183 627 2230 tibi
648 2184 920 2232 domicilium
938 2219 953 2243 ,
979 2183 1064 2230 fine
1084 2183 1172 2229 ullo
1192 2179 1381 2228 incendii
1400 2191 1472 2226 aut

195 2256 348 2303 ruinae
376 2270 497 2304 metu
531 2257 708 2315 struxit,
735 2258 780 2304 in
809 2275 902 2321 quo
932 2258 1056 2306 vides
1082 2272 1173 2303 non
1198 2269 1347 2302 tenues
1378 2270 1476 2300 cru-

197 2330 305 2385 stas,
325 2342 366 2377 et
393 2330 481 2393 ipsa
507 2347 592 2395 qua
615 2330 810 2378 secantur
840 2329 999 2380 lamina
1024 2328 1298 2393 graciliores,
1323 2327 1394 2372 sed
1412 2325 1479 2372 in·v

195 2415 336 2467 tegras
367 2404 518 2467 lapidis
554 2404 846 2467 pretiosiffimi
885 2404 1052 2462 moles,
1085 2402 1156 2449 sed
1190 2416 1304 2448 totas
1333 2400 1481 2447 variae

196 2477 506 2540 distinaaeque
541 2477 767 2530 materiae,
807 2478 930 2525 cuius
954 2491 1001 2524 tu
1029 2475 1209 2539 parvula
1234 2472 1364 2521 frusta
1394 2474 1477 2520 mi-

262 2545 310 2589 L.
336 2548 455 2589 Ama.
474 2547 642 2588 Seneca,
668 2545 762 2589 Vol.
784 2543 846 2588 II,
1183 2541 1230 2585 O
