1742 2967
349 151 446 236 Dr„
489 189 919 235 emericus
975 189 1108 236 Lm.
1154 191 1204 237 11.
1339 158 1422 253 ιε,

157 308 249 343 tum
286 296 542 341 deiectatura
575 294 635 342 cst
660 313 788 352 eum,
824 297 890 343 cui
924 296 1077 343 datur:
1108 297 1162 343 ita
1197 296 1430 360 accipienti

156 368 398 413 adhibenda
418 368 578 413 concio
593 368 664 415 est.
685 369 820 429 Quod
839 369 970 431 pudet
988 358 1143 415 debere
1161 406 1174 426 ,
1189 387 1240 415 ne
1257 387 1431 432 accepe-

157 441 229 487 ris.
261 439 454 504 Quidam
488 439 648 487 furtive
669 454 801 503 agunt
827 442 979 504 gratias
999 477 1010 497 ,
1036 456 1079 488 et
1108 442 1150 487 in
1179 441 1335 504 angulo
1354 478 1368 498 ‚
1387 453 1430 488 et

159 514 212 559 ad
244 529 404 559 aurem.
446 513 552 560 Non
583 514 643 560 est
678 514 753 559 ista
786 516 1045 562 verecundia
1065 553 1077 572 ‚
1108 515 1179 563 sed
1215 515 1431 562 infitiandi

157 602 305 648 genus,
344 587 538 647 Ingratus
566 586 651 643 est,
670 588 771 650 qui,
800 588 979 635 remotis
1009 589 1197 647 arbitris,
1224 590 1310 654 agit
1333 607 1433 653 gra·

159 659 252 705 tias.
295 659 487 719 Quidam
518 660 673 706 nolunt
709 661 885 706 nomina
922 661 1064 708 secum
1099 661 1193 708 fieri
1208 699 1221 722 ,
1255 680 1334 710 nec
1361 662 1432 709 in·-

159 733 333 792 terponi
355 732 569 793 pararios,
595 749 674 778 nec
696 733 927 796 signatores
960 734 1199 791 advocari,
1228 752 1307 781 nec
1336 734 1436 782 chi-

161 803 429 866 rographum
464 804 596 850 dare:
625 805 739 851 idem
766 803 959 864 faciunt,
991 806 1065 868 qui
1097 807 1199 854 dant
1223 823 1434 869 operam,

162 887 210 921 ut
233 873 491 922 beneficium
518 877 562 921 in
587 876 703 937 ipsos
723 877 924 922 collatum
941 914 953 934 ‚
973 894 1101 940 quam
1122 878 1434 941 ignotissimum

162 946 224 992 sit.
271 949 486 993 Verentur
521 949 662 1009 palam
699 947 839 1005 ferre,
873 962 921 995 ut
954 949 1023 996 sua
1057 951 1206 1011 potius
1239 951 1398 999 virtute
1419 987 1437 1008 ,

163 1035 295 1080 quam
326 1020 469 1065 alieno
497 1020 719 1067 adiutorio
749 1022 971 1069 consecuti
999 1023 1208 1069 dicantur.
1234 1024 1437 1071 Rariores

164 1092 210 1137 in
227 1109 379 1138 eorum
402 1094 557 1140 officiis
587 1095 704 1149 sunt,
729 1096 886 1158 quibus
906 1107 976 1141 aut
992 1095 1126 1141 vitam
1157 1108 1228 1143 aut
1251 1095 1437 1160 dignita·

166 1174 253 1209 tem
287 1164 477 1210 debent:
513 1177 555 1210 et
584 1165 684 1210 dum
717 1167 972 1227 opinionem
1007 1167 1230 1214 clientium
1252 1169 1439 1227 timent,

165 1236 420 1299 graviorem
446 1236 628 1283 subeunt
651 1238 934 1301 ingratorum.

232 1309 405 1357 XXIV.
435 1311 520 1355 Alii
551 1312 726 1372 peflime
759 1313 996 1373 loquuntur
1029 1315 1083 1361 de
1113 1314 1281 1377 optime
1306 1313 1441 1362 meria

166 1383 232 1430 tis.
266 1386 425 1431 Tutius
453 1385 512 1431 est
531 1386 742 1448 quosdam
769 1385 993 1433 offendere
1011 1424 1023 1444 ‚
1047 1405 1175 1451 quam
1203 1387 1446 1434 demeruis-

169 1458 230 1504 se:
249 1471 551 1520 argumentum
571 1459 675 1504 nihil
698 1459 969 1516 debentium,
987 1461 1096 1506 odio
1119 1472 1345 1524 quaerunt.
1362 1463 1444 1507 At-

170 1531 248 1594 qui
278 1532 384 1577 nihil
417 1533 552 1594 magis
589 1532 886 1594 praestandum
919 1532 1008 1590 est,
1041 1550 1170 1596 quam
1200 1549 1246 1580 ut
1278 1549 1448 1580 memo·

171 1606 236 1653 ria
256 1606 380 1652 nobis
405 1607 664 1652 meritorum
686 1607 857 1652 baereat
877 1638 889 1661 ‚
909 1623 1018 1670 quae
1041 1606 1220 1653 subinde
1252 1605 1450 1652 reficien-

173 1683 227 1728 da
250 1679 335 1727 est:
355 1679 456 1742 quia
485 1697 564 1726 nec
597 1679 759 1725 referre
782 1680 926 1741 potest
948 1681 1155 1744 gratiam,
1181 1679 1255 1726 nifi
1276 1681 1351 1742 qui
1366 1697 1452 1725 men

175 1756 327 1811 minit;
353 1767 396 1802 et
412 1754 488 1817 qui
508 1754 732 1810 meminit,
754 1755 836 1799 iam
858 1754 1002 1801 refert.
1027 1755 1121 1800 Nec
1142 1753 1321 1800 delicate
1340 1752 1452 1800 acci-

176 1828 384 1892 piendum
407 1828 494 1883 est,
515 1844 594 1874 nec
614 1827 815 1874 submiffe
837 1839 880 1873 et
899 1827 1131 1873 humiliter.
1150 1826 1261 1871 Nam
1283 1825 1359 1888 qui
1377 1840 1456 1870 net

177 1902 344 1964 gligens
357 1901 417 1946 est
431 1901 474 1947 in
488 1901 764 1961 accipiendo,
775 1916 874 1945 cum
890 1915 1021 1945 omne
1032 1897 1290 1944 beneficium
1305 1911 1458 1944 recens

178 1975 374 2038 placeat3
392 1974 495 2037 quid
509 1973 668 2029 faciet,
689 1991 787 2020 cum
806 1973 942 2034 prima
962 1971 1053 2018 eius
1065 1971 1267 2033 voluptas
1276 1968 1456 2015 refrixe-

180 2047 263 2093 rit?
280 2047 398 2092 Alius
418 2047 586 2108 accepit
605 2044 820 2091 fastidiose
834 2080 848 2101 ‚
867 2057 1071 2106 tanquam
1092 2043 1167 2106 qui
1187 2042 1329 2088 dicat:
1351 2043 1457 2087 Non

180 2121 360 2180 quidem
378 2121 484 2166 mihi
505 2136 617 2182 opus
636 2120 717 2175 est3
739 2119 811 2165 sed
829 2118 928 2181 quia
943 2130 1030 2163 tam
1049 2117 1176 2164 valde
1196 2116 1260 2163 vis
1271 2152 1285 2173 ,
1303 2113 1459 2161 faciam

182 2194 263 2240 tibi
283 2195 368 2239 mei
386 2194 653 2256 potestatem.
670 2193 786 2238 Alius
801 2192 969 2253 supine,
987 2202 1034 2236 ut
1045 2190 1219 2236 dubium
1235 2185 1463 2250 praestanti

185 2268 428 2329 relinquat,
451 2284 504 2312 an
524 2266 696 2313 senserit
715 2284 724 2311 :
748 2265 855 2310 alius
875 2264 951 2310 vix
973 2264 1087 2309 labra
1106 2263 1275 2309 diduxit
1290 2297 1304 2318 ,
1336 2273 1379 2308 et
1395 2261 1463 2307 in·

187 2340 373 2403 gratior,
392 2357 520 2402 quam
542 2339 571 2384 fi
591 2339 809 2395 tacuisset,
829 2336 922 2383 fuit.
946 2337 1233 2400 Loquendum
1253 2351 1335 2398 pro
1349 2351 1465 2400 mag·

187 2414 387 2460 nitudine
406 2413 467 2459 rei
483 2411 735 2475 impensius,
752 2423 792 2458 et
807 2411 875 2456 illa
895 2410 1160 2457 adiicienda:
1176 2409 1322 2455 Plures
1335 2424 1465 2469 quam

193 2499 345 2551 putas,
374 2485 588 2551 obligasti.
612 2485 761 2533 Nemo
778 2484 895 2533 enim
913 2500 1005 2533 non
1023 2482 1180 2595 gaudit
1204 2481 1465 2530 beneficium

1187 2564 1214 2596 ι.
