1742 2967
288 160 341 209 16
523 165 571 211 L.
628 162 922 210 ΑΝΝΑΕΙ
969 164 1322 213 SENECAE

279 273 353 319 dat
379 271 624 319 clementia.
651 271 832 334 Ignosce
859 274 905 318 L.
936 270 1118 318 Cinnae.
1149 273 1441 335 deprehensus
1469 271 1530 322 est
1549 292 1564 323 ε

252 403 255 406 ι
277 344 364 391 iam
376 361 537 392 nocere
547 343 626 390 tibi
638 359 731 389 non
748 342 915 405 potest,
927 343 1130 405 prodeffe
1143 344 1286 392 famae
1297 358 1393 392 tuae
1406 348 1566 409 potest.

278 419 466 467 Gavisus
482 419 581 475 fibi,
600 418 723 482 quod
740 418 1011 464 advocatum
1031 419 1260 467 invenerat
1272 457 1286 479 ‚
1313 424 1443 469 uxori
1462 425 1566 488 qui·

280 494 381 540 dem
403 493 560 558 gratias
576 492 664 556 egit
685 509 696 538 ε
717 491 955 538 renuntiari
976 503 1122 539 autem
1142 496 1367 558 extemplo
1386 498 1563 558 amicis,

278 583 391 630 quos
415 565 461 612 in
482 565 710 612 confilium
738 580 997 627 rogaverat,
1019 565 1281 628 imperavit,
1304 581 1347 614 et
1370 569 1565 628 Cinnam

282 655 418 684 unum
436 639 490 684 ad
504 638 545 685 se
561 637 762 684 accersit:
783 637 1052 701 dimiffisque
1067 639 1277 686 omnibus
1294 657 1318 686 e
1331 641 1566 702 cubiculo,

282 727 381 757 cum
393 710 569 757 alteram
583 710 752 757 Cinnae
763 709 871 772 poni
886 711 1138 757 cathedram
1154 712 1327 760 iuffiffet
1337 750 1350 771 ‚
1363 715 1483 771 Hoc,
1496 717 1568 761 in-

284 785 403 847 quit,
423 784 614 848 primum
635 801 659 830 a
680 798 725 831 te
747 796 851 847 peto
865 820 878 843 ,
898 802 952 832 ne
975 803 1045 832 me
1067 785 1326 850 loquentem
1357 789 1568 851 interpel-

282 858 371 915 les,
391 875 445 904 ne
471 859 621 905 medio
640 857 840 906 sermone
867 876 970 906 meo
991 861 1265 923 proclames:
1290 863 1462 910 dabitur
1486 862 1570 912 tibi

283 933 494 995 loquendi
512 932 698 978 liberum
720 945 905 995 tempus.
925 935 1021 997 Ego
1042 945 1099 990 te,
1121 935 1282 992 Cinna,
1303 951 1403 981 cum
1422 936 1466 981 in
1487 937 1570 982 ho-

284 1005 414 1052 stium
444 1005 588 1052 castris
618 1005 879 1053 invenissem
901 1042 915 1065 ,
947 1023 1040 1053 non
1072 1006 1233 1053 factum
1266 1020 1432 1054 tantum
1459 1008 1571 1056 mihi

284 1079 513 1126 inimicum
528 1116 542 1138 ,
561 1079 635 1126 sed
656 1095 803 1127 natum
825 1080 1024 1138 servavi,
1041 1080 1354 1143 patrimonium
1375 1082 1451 1128 tibi
1471 1100 1572 1129 om·

283 1173 339 1202 ne
357 1154 560 1202 conceffi.
588 1155 736 1201 Hodie
755 1168 844 1202 tam
866 1154 972 1202 felix
990 1172 1057 1214 es,
1079 1168 1123 1202 et
1144 1168 1232 1202 tam
1254 1156 1399 1215 dives,
1417 1168 1463 1203 ut
1485 1157 1570 1206 vic·

282 1241 333 1275 to
354 1228 544 1275 victores
568 1227 810 1274 invideant.
836 1228 1139 1276 Sacerdotium
1159 1228 1239 1275 tibi
1262 1229 1424 1291 petenti
1444 1247 1572 1292 prae·-

283 1300 422 1348 teritis
450 1298 779 1361 compluribus,
810 1316 1002 1362 quorum
1023 1311 1223 1362 parentes
1251 1318 1424 1348 mecum
1453 1302 1573 1348 mili-

283 1387 510 1430 taverant,
528 1372 643 1418 dedi.
663 1372 780 1418 Cum
799 1372 857 1419 sic
875 1373 929 1419 de
939 1384 982 1419 te
1000 1373 1260 1432 meruerim,
1279 1373 1484 1422 occidere
1499 1391 1572 1422 me

284 1444 561 1494 constituisti.
589 1447 707 1491 Cum
722 1445 775 1491 ad
793 1446 904 1493 hanc
917 1462 1079 1493 vocem
1093 1445 1391 1506 exclamasset,
1413 1445 1573 1510 procul

286 1521 399 1566 hanc
424 1519 477 1565 ab
500 1519 541 1565 se
559 1519 700 1566 abesse
721 1519 986 1566 dementiam
1009 1538 1021 1566 z
1044 1521 1150 1566 Non
1171 1521 1382 1584 praestas,
1400 1521 1574 1584 inquit,

284 1591 417 1639 fidem
431 1627 445 1648 ‚
463 1591 606 1638 Cinna
626 1607 638 1637 ε
660 1604 928 1638 convenerat
943 1628 954 1648 ‚
973 1610 1026 1639 ne
1046 1593 1416 1658 interloquereris.
1433 1590 1574 1641 Occi-

287 1667 412 1723 dere,
430 1666 630 1729 inquam,
645 1681 715 1712 me
730 1681 865 1727 paras.
881 1665 1039 1713 adiecit
1052 1666 1201 1713 locum
1216 1703 1229 1724 ,
1247 1667 1391 1716 socios
1402 1703 1416 1726 ,
1431 1668 1546 1715 diem
1559 1703 1574 1727 ‚

287 1739 489 1786 ordinem
510 1738 757 1785 insidiarum
775 1773 789 1795 ,
807 1739 879 1786 cui
897 1740 1176 1787 commissum
1196 1742 1300 1788 effet
1319 1742 1498 1788 ferrum.
1522 1745 1575 1789 Et

286 1828 391 1858 cum
412 1811 604 1858 defixum
633 1812 836 1870 videret,
862 1831 945 1860 nec
972 1831 1026 1860 ex
1046 1814 1347 1862 conventione
1366 1814 1451 1861 iam
1466 1851 1479 1871 ,
1500 1815 1576 1863 sed

287 1904 342 1933 ex
360 1886 630 1933 conscientia
643 1897 860 1934 tacentem
879 1904 889 1933 :
910 1889 1019 1948 Quo
1034 1923 1046 1940 ,
1061 1888 1232 1951 inquit,
1247 1890 1334 1937 hoc
1351 1889 1499 1936 animo
1511 1889 1573 1936 fa-

288 1959 386 2005 cis?
416 1962 476 2005 Ut
505 1959 593 2021 ipse
620 1961 671 2005 lis
691 1961 931 2023 princeps?
963 1961 1076 2008 male
1095 1959 1343 2009 mehercule
1367 1978 1466 2010 cum
1489 1978 1572 2025 po-

288 2034 396 2095 pulo
424 2033 633 2079 Romano
665 2032 836 2096 agitur,
865 2033 897 2078 fi
927 2034 1007 2080 tibi
1038 2035 1093 2080 ad
1119 2035 1426 2097 imperandum
1465 2035 1573 2082 nihil

288 2117 463 2167 praeter
496 2121 568 2152 me
601 2105 756 2152 obstat.
795 2107 1000 2152 Domum
1028 2107 1140 2154 tueri
1169 2119 1288 2154 tuam
1316 2125 1407 2154 non
1433 2123 1576 2171 potes.

289 2194 429 2240 nuper
455 2177 645 2225 libertini
668 2179 860 2226 hominis
884 2180 1020 2244 gratia
1045 2180 1089 2226 in
1118 2181 1294 2243 privato
1318 2182 1486 2230 iudicio
1505 2182 1573 2230 su-

291 2263 464 2312 peratus
490 2268 548 2299 es.
586 2253 711 2298 Adeo
739 2252 846 2298 nihil
873 2253 1045 2300 facilius
1072 2266 1200 2317 potes
1216 2290 1230 2313 ,
1262 2272 1394 2318 quam
1418 2269 1574 2302 contra

295 2322 527 2370 Caesarem
557 2324 811 2371 advocare?
839 2326 995 2383 Cedo,
1015 2325 1045 2371 fi
1065 2325 1159 2388 spes
1176 2342 1270 2374 tuas
1295 2327 1408 2374 solus
1432 2329 1575 2390 impe-

294 2394 371 2440 dio
388 2431 401 2452 ,
425 2397 650 2444 Paullusne
678 2409 746 2455 te,
773 2411 817 2445 et
845 2399 998 2447 Fabius
1028 2400 1276 2455 Maximus,
1303 2412 1347 2446 et
1363 2401 1512 2458 Cossi,
1532 2414 1576 2448 et

294 2469 466 2517 Servilii
497 2469 637 2520 ferent
655 2505 671 2530 ‚
709 2484 968 2537 tantumque
1011 2489 1167 2537 agmen
1199 2464 1415 2522 nobilium
1435 2510 1450 2534 ‚
1483 2492 1575 2523 non
