1742 2967
297 197 354 243 32
554 181 1318 232 L.ANNAE18ENECAE

295 288 478 335 minime
512 289 748 335 humanum
782 290 944 334 malum
975 287 1063 346 est,
1096 291 1320 355 indignum
1358 303 1445 338 tam
1478 288 1575 342 miti

293 361 455 408 animo.
491 361 642 407 Ferina
673 361 749 406 ista
777 362 917 408 rabies
947 363 1034 420 est,
1067 364 1269 426 sanguine
1301 366 1490 427 gaudere
1523 381 1576 413 ac

292 434 544 482 vulneribus
569 451 579 481 ε
608 445 651 480 et
674 431 844 481 abiecto
872 435 1083 493 homine,
1118 436 1164 482 in
1196 435 1387 484 silvestre
1414 436 1572 483 animal

295 507 486 555 tranfire‚
1108 561 1112 566 ¹
1253 549 1258 554 .

359 579 512 626 XXV.
542 578 665 639 Quid
690 579 807 626 enirn
843 574 1021 627 interest
1038 615 1054 638 ‚
1090 596 1174 627 oro
1208 597 1280 636 re,
1298 580 1574 640 Alexanderj

295 651 413 698 leoni
434 650 740 714 Lysimachum
769 652 974 709 obiicias,
1001 671 1055 698 an
1081 654 1169 716 ipse
1189 653 1350 701 laceres
1375 655 1574 701 dentibus

296 723 410 770 tuis?
437 737 558 769 tuum
580 722 686 768 illucl
715 740 766 771 os
785 724 872 782 est,
902 737 973 772 tua
993 725 1062 772 illa
1090 727 1250 773 feritas.
1278 730 1322 773 O
1343 744 1471 789 quam
1493 744 1575 773 cu-

275 813 419 859 -peres
438 796 517 843 tibi
537 796 683 859 potius
702 815 869 862 ungues
888 800 974 846 effe
989 835 1003 857 ‚
1030 799 1111 846 tibi
1128 800 1283 847 ridium
1304 801 1423 847 illum
1442 801 1575 847 eden·-

299 871 457 916 dorum
483 870 712 916 hominum
737 871 967 933 capacem!
1003 874 1109 920 Non
1134 873 1350 936 exigimus
1377 890 1401 918 a
1425 888 1468 920 te
1484 909 1498 931 ,
1525 884 1574 920 ut

294 958 450 988 manus
484 941 587 999 ista,
622 941 801 994 exitium
836 943 1114 992 familiarium
1151 945 1430 992 certiffimum
1451 981 1464 1002 ‚
1497 943 1575 992 ulli

296 1012 483 1062 salutaris
505 1013 553 1059 fit
573 1031 583 1059 :
605 1027 652 1060 ut
673 1013 748 1061 iste
774 1016 942 1063 animus
959 1016 1110 1075 ferox,
1128 1017 1362 1064 insatiabile
1379 1017 1573 1081 gentium

294 1086 459 1132 malum
470 1121 482 1144 ,
498 1086 604 1133 citra
623 1085 869 1149 sanguinem
885 1089 1153 1152 caedemque
1167 1090 1367 1137 satietur:
1382 1091 1574 1137 clemen-

295 1158 355 1204 tia
381 1170 598 1215 vocetur,
622 1159 676 1203 ad
702 1160 996 1207 occidendum
1025 1162 1218 1209 amicum
1250 1162 1444 1209 carnifex
1463 1162 1574 1209 inter

293 1228 511 1276 homines.
529 1231 630 1277 Hoc
647 1230 708 1278 est
721 1267 734 1288 ‚
756 1248 890 1294 quare
909 1234 982 1281 vel
1005 1235 1193 1282 maxime
1211 1235 1501 1282 abominanda
1520 1234 1572 1282 {it

296 1306 496 1364 saevitia,
518 1307 644 1369 quod
662 1309 837 1354 excedit
854 1306 960 1356 fines
973 1344 986 1366 ‚
1012 1309 1202 1372 primum
1223 1309 1400 1366 solitos,
1415 1309 1574 1356 deinde

296 1380 525 1426 humanos.
539 1381 676 1426 Nova
694 1380 902 1442 supplicia
920 1380 1166 1444 conquirit,
1187 1382 1411 1445 ingenium
1433 1380 1575 1428 advo·-

294 1465 386 1511 cat‚
406 1452 688 1500 instrumenta
717 1453 967 1517 excogitat,
999 1470 1075 1515 per
1093 1470 1206 1519 quae
1224 1454 1417 1502 varietur
1444 1465 1575 1517 atque

293 1526 553 1573 extendatur
590 1526 757 1581 dolor3
803 1540 848 1572 et
886 1526 1120 1573 deleciatur
1165 1527 1289 1574 malis
1323 1527 1574 1575 hominum.

295 1600 425 1646 Tunc
446 1599 517 1645 ille
543 1598 662 1646 dirus
680 1599 814 1644 animi
844 1598 1025 1646 morbus
1053 1600 1108 1645 ad
1137 1599 1344 1647 insaniam
1370 1601 1575 1664 pervenit

293 1673 489 1720 ultimam
506 1708 520 1731 ‚
538 1689 640 1719 cum
662 1673 895 1721 crudelitas
911 1675 1034 1721 versa
1052 1673 1114 1720 est
1132 1675 1178 1721 in
1201 1676 1472 1739 voluptatem
1495 1691 1506 1722 :
1529 1687 1576 1723 et

293 1747 380 1794 iam
410 1747 613 1794 occidere
641 1746 866 1794 hominem
897 1748 1034 1795 iuvat.
1065 1749 1180 1794 Nam
1209 1749 1340 1795 talem
1373 1748 1519 1795 virum
1548 1762 1574 1795 a

293 1831 420 1883 tergo
451 1819 644 1883 sequitur
673 1820 872 1879 eversio,
904 1821 1032 1878 odia,
1067 1837 1264 1879 venena,
1299 1821 1445 1885 gladii.
1482 1833 1573 1868 tam

295 1892 439 1938 multis
458 1892 659 1953 periculis
682 1892 877 1955 petitur,
907 1909 1039 1956 quam
1067 1893 1306 1940 multorum
1330 1893 1420 1955 ipse
1449 1893 1571 1957 peri·-

292 1965 438 2011 culum
470 1964 556 2011 est:
578 1965 850 2028 privatisque
878 1981 1192 2029 nonnunquam
1224 1964 1441 2025 confinis,
1470 1965 1573 2012 alias

293 2053 404 2083 vero
443 2037 794 2084 consternatione
827 2039 1001 2101 publica
1034 2038 1398 2087 circumvenitur.
1439 2039 1573 2087 Levis

293 2110 410 2157 enim
438 2121 481 2156 et
506 2111 676 2173 privata
696 2112 937 2175 pernicies,
969 2128 1059 2158 non
1088 2123 1202 2159 totas
1233 2112 1360 2158 urbes
1384 2124 1572 2158 movet:

293 2183 417 2244 quod
441 2183 524 2229 late
545 2181 692 2230 furere
719 2184 866 2247 coepit
881 2218 897 2240 ,
919 2195 963 2230 et
981 2199 1136 2230 omnes
1162 2183 1354 2245 appetit,
1378 2182 1572 2245 undique

295 2253 543 2317 configitur.
571 2256 799 2318 Serpentes
833 2256 1038 2318 parvulae
1065 2255 1219 2302 fallunt
1237 2290 1251 2313 ‚
1287 2272 1368 2302 nec
1397 2255 1572 2318 publice

296 2327 617 2389 conquiruntur
636 2344 646 2373 :
668 2328 744 2374 ubi
762 2329 905 2392 aliqua
924 2329 1093 2376 solitam
1116 2328 1362 2375 mensuram
1385 2327 1575 2387 transiit,

296 2411 341 2443 et
359 2399 403 2443 in
423 2399 666 2447 monstrum
686 2403 884 2448 excrevit
897 2437 911 2459 ,
930 2401 1004 2448 ubi
1024 2401 1171 2448 fontes
1192 2414 1302 2463 potu
1322 2400 1475 2447 infecit
1494 2436 1508 2458 ‚
1527 2412 1572 2447 et

298 2470 328 2515 fi
365 2471 569 2533 afflavit,
611 2472 752 2520 deurit
784 2474 1035 2539 obteritque
1074 2489 1339 2539 quacunque
1372 2473 1569 2533 inceffit,
