1742 2967
365 156 465 204 DE
513 157 931 205 BENEFICMS
973 160 1096 206 LlB.
1143 161 1236 208 Vll.
1352 177 1438 224 31¹

173 282 275 329 pem
296 265 408 323 effe,
442 265 518 330 qui
540 268 660 312 extra
689 277 862 313 naturae
887 267 1099 314 terminos
1127 284 1243 313 arma
1274 267 1444 330 profer-

176 339 272 385 ret?
300 338 376 402 qui
394 339 433 384 se
451 338 496 383 in
517 336 788 400 profundum
805 374 817 394 ‚
841 338 1160 401 inexploratum
1187 351 1229 385 et
1256 339 1444 386 immen-

177 406 292 465 sum,
310 409 518 455 aviditate
538 425 661 456 caeca
682 409 853 471 prorsus
870 409 1146 456 immitteret?
1169 409 1292 469 Quid
1310 410 1446 456 inter-

174 479 262 536 est,
295 492 406 542 quot
435 480 644 542 eripuerit
677 497 805 543 regna
823 516 834 537 2
874 493 982 543 quot
1010 482 1203 536 dederit,
1232 496 1443 544 quantum

171 564 382 598 terrarum
418 552 582 599 tributo
613 552 810 615 premat?
839 563 1004 599 tantum
1034 553 1095 599 illi
1123 553 1267 610 deest,
1299 569 1439 616 quan-

173 633 263 666 tum
286 632 419 681 cup2t.
1082 666 1084 669 ,

235 696 306 739 lll.
342 695 434 739 Nec
453 693 539 739 hoc
560 691 796 738 Alexandri
813 706 979 740 tantum
999 694 1151 741 vitium
1171 694 1281 753 fuit,
1311 712 1441 759 quem

170 786 248 831 per
280 768 422 814 Liberi
443 768 732 829 Herculisque
759 768 940 831 vestigia
961 768 1066 816 felix
1085 770 1302 816 temeritas
1328 770 1445 833 egit,

171 841 242 888 sed
260 842 459 887 omnfum
481 857 593 903 quos
616 839 792 886 fortuna
813 841 997 888 irritavit
1014 841 1250 903 implendo.
1269 841 1441 906 Cyrum

169 929 210 961 et
236 915 510 978 Cambysen,
543 925 585 960 et
619 927 763 960 totum
790 915 911 978 regni
945 915 1098 962 Perfici
1131 916 1306 962 stemma
1338 933 1442 979 per-

170 987 306 1034 cense.
341 988 693 1049 queminvenies
718 1023 731 1045 ‚
763 988 831 1035 cui
865 988 1047 1034 modum
1076 989 1248 1051 imperii
1279 989 1441 1036 satietas

167 1059 318 1107 fecerit
334 1060 360 1105 ἓ,
375 1061 449 1122 qui
474 1077 562 1104 non
581 1059 728 1105 vitam⁴
743 1060 786 1106 in
805 1059 944 1122 aliqua
966 1059 1145 1120 ulterius
1171 1061 1438 1122 procedendi

169 1132 435 1197 cogitatione
456 1131 649 1178 finierit?
672 1133 770 1178 ‘Nec
788 1131 830 1178 id
852 1132 1010 1178 mirum
1032 1131 1104 1178 est.
1131 1131 1342 1194 quidquid
1359 1148 1438 1178 cu-

168 1204 340 1267 piditati
372 1204 584 1268 contigit,
618 1204 787 1267 penitus
818 1203 1013 1249 hauritur
1042 1215 1085 1249 et
1113 1203 1329 1250 conditur.
1358 1219 1439 1249 nec

165 1276 354 1334 interest,
374 1291 581 1340 quantum
608 1292 663 1322 eo
691 1276 812 1339 quod
833 1274 1087 1337 inexplebile
1112 1275 1197 1330 est,
1217 1292 1441 1338 congeras.

166 1354 291 1399 Unus
310 1351 370 1397 est
396 1352 588 1413 sapiens,
616 1350 736 1397 cuius
761 1349 907 1394 onmia
928 1347 1050 1406 sunt,
1082 1366 1162 1395 nec
1190 1366 1243 1394 ex
1271 1349 1438 1395 difficili

165 1426 341 1472 tuenda.
371 1425 478 1470 Non
512 1425 638 1470 habet
667 1423 905 1469 mittendos
938 1434 1054 1468 trans
1079 1421 1210 1466 maria
1239 1423 1400 1486 legatos
1418 1456 1435 1480 ,

165 1515 245 1544 nec
265 1498 467 1544 metanda
484 1497 530 1542 in
548 1496 652 1558 ripis
676 1494 900 1540 hostilibus
920 1493 1077 1550 castra,
1108 1509 1197 1538 non
1218 1509 1436 1556 opportu-

165 1570 232 1615 nis
262 1568 437 1616 castellis
459 1567 730 1630 disponenda
760 1566 990 1628 praesidia:
1024 1581 1114 1610 non
1143 1581 1253 1627 opus
1285 1566 1344 1612 est
1367 1568 1433 1614 le-

165 1645 327 1708 gione,
357 1659 436 1690 nec
461 1640 930 1706 equestribus'turmis.
960 1640 1347 1698 Quemadmodum
1373 1641 1435 1688 dii

162 1718 433 1764 immortales
463 1732 646 1779 regnum
672 1715 857 1760 inermes
888 1724 1069 1775 regunt,
1100 1726 1143 1760 et
1175 1712 1254 1759 illis
1287 1730 1433 1761 rerum

164 1788 335 1835 suarum
354 1805 406 1835 ex
425 1788 545 1834 edito
564 1785 886 1849 tranquilloque
905 1786 1035 1832 tutela
1059 1785 1119 1832 est
1137 1803 1146 1831 :
1167 1785 1223 1830 ita
1242 1784 1312 1832 hic
1332 1786 1432 1832 offi-

163 1864 231 1910 cia
247 1862 341 1920 sua,
362 1860 769 1926 quamvislatiffime
784 1873 975 1922 pateant,
998 1861 1084 1906 fine
1102 1861 1286 1907 tumultu
1306 1861 1430 1908 obit:

162 1951 206 1988 et
218 1954 353 1984 omne
364 1938 597 1984 humanum
615 1952 763 1999 genus,
779 1934 1094 1996 potentiffimus
1108 1935 1204 1981 eius
1217 1934 1432 1996 optimus-

163 2024 275 2072 que,
297 2008 407 2054 infra
428 2008 468 2055 se
496 2006 631 2055 videt.
658 2005 871 2052 Derideas
898 2005 1026 2051 licet:
1047 2004 1232 2068 ingentis
1255 2004 1430 2066 spiritus

160 2099 230 2129 res
260 2081 347 2139 est,
389 2099 487 2128 cum
516 2080 748 2127 Orientem
778 2079 1156 2141 Occidentemque
1184 2078 1433 2125 lustraveris

162 2142 339 2212 animo,
368 2171 463 2217 quo
477 2153 606 2200 etiam
634 2167 803 2199 remota
822 2163 863 2197 et
881 2151 1181 2198 iolitudinibus
1206 2149 1432 2199 interclusa

159 2238 456 2289 penetrantur,
467 2243 566 2273 cum
586 2238 653 2272 tot
666 2224 878 2279 animalia,
897 2236 1058 2271 tantam
1078 2224 1252 2285 copiam
1267 2240 1430 2280 rerum,

162 2314 267 2360 quas
303 2311 454 2345 natura
485 2297 721 2344 beatiffime
753 2296 919 2353 fundit,
957 2296 1201 2360 aspexeris,
1233 2296 1432 2343 emittere

163 2368 275 2415 hanc
299 2369 390 2415 Dei
412 2386 602 2417 vocem:
632 2370 750 2414 Haec
773 2369 1037 2414 omniamea
1055 2368 1162 2415 sunt.
1190 2367 1257 2416 Sic
1274 2366 1352 2429 fit,
1384 2380 1433 2414 ut

166 2440 274 2487 nihil
295 2440 466 2504 cupiat:
488 2440 589 2504 quia
614 2439 723 2487 nihil
749 2438 810 2486 est
828 2453 946 2487 extra
967 2440 1132 2487 omnia.

1075 2506 1182 2565 V4
