1742 2967
391 188 480 234 170
645 176 1027 226 L.ANNAE1
1070 180 1409 232 SENECAE

383 277 550 326 bonum
576 280 762 329 lusorem
785 284 943 342 dicam,
963 286 1036 348 qui
1062 287 1218 349 pilam,
1236 302 1285 337 ut
1311 293 1559 354 oportebat,
1579 312 1658 343 ex-

384 353 534 414 cepit,
559 352 590 401 si
622 373 699 415 per
731 357 871 420 ipsum
903 376 1056 417 mora,
1086 378 1175 425 quo
1211 363 1352 412 minus
1387 368 1658 428 remitteret,

374 431 484 491 'tion'
499 425 596 473 fuit.
614 427 697 475 Sed
717 430 939 490 quamvis,
957 431 1128 494 inquit,
1151 435 1231 483 arti
1250 437 1434 485 ludentis
1453 440 1560 486 nihil
1583 442 1657 488 de-

383 495 459 552 sit,
489 499 588 560 quia
621 512 786 562 partem
808 503 985 563 quidem
1013 504 1145 562 fecit,
1177 506 1247 552 sed
1276 523 1319 555 et
1338 524 1503 570 partem
1526 529 1656 575 quam

383 586 476 616 non
494 571 617 629 fecit,
640 574 780 635 potest
805 575 946 623 facere
967 594 977 623 :
998 578 1121 625 ludus
1143 595 1289 628 tamen
1316 582 1405 645 ipse
1425 585 1658 648 imperfec-

383 655 450 691 tus
470 645 529 691 est
550 665 560 692 :
585 647 662 709 qui
681 649 1007 698 consummatur
1028 653 1198 700 vicibus
1223 655 1422 703 mittendi
1444 675 1492 706 ac
1511 660 1658 707 remit-

384 716 517 762 tendi.
561 719 684 765 Nolo
713 719 875 766 diutius
907 722 996 768 hoc
1028 722 1234 771 refellere.
1270 725 1561 777 existimemus
1599 730 1657 778 ita

383 785 500 833 effe:
533 789 639 837 defit
673 791 837 856 aliquid
872 795 1011 850 lusui,
1045 813 1136 843 non
1165 798 1311 847 lusori.
1342 799 1400 848 fic
1427 815 1469 848 et
1499 801 1543 848 in
1570 804 1657 853 hoc

382 858 437 905 de
457 877 548 923 quo
569 862 854 926 disputamus,
874 867 988 914 deest
1014 867 1177 932 aliquid
1199 870 1260 918 rei
1290 872 1410 919 datae
1432 891 1443 919 ε
1466 873 1535 921 cui
1559 893 1658 938 pars

380 934 512 982 altera
540 937 746 995 debetur3
781 955 871 987 non
890 942 1069 1000 animo,
1098 944 1171 1005 qui
1192 945 1384 994 animum
1413 966 1560 1011 parem
1580 949 1657 997 fibi

380 1009 528 1055 nactus
555 1010 626 1056 est.
655 1024 866 1074 quantum
888 1014 931 1059 in
955 1015 1030 1060 illo
1056 1016 1138 1074 est,
1159 1020 1279 1080 quod
1301 1022 1472 1081 voluit,
1499 1023 1655 1070 effecit.

446 1082 662 1131 XXXIII.
691 1086 960 1135 Beneficium
992 1088 1099 1134 mihi
1124 1090 1255 1137 dedit.
1283 1095 1432 1157 accepi
1460 1112 1551 1142 non
1575 1098 1656 1143 ali-

380 1165 473 1212 ter,
499 1174 626 1220 quam
648 1158 737 1221 ipse
753 1161 893 1224 accipi
913 1162 1066 1209 voluit.
1093 1166 1182 1210 Iam
1203 1166 1356 1223 habet,
1381 1169 1503 1231 quod
1521 1169 1656 1232 petit,

379 1239 422 1274 et
454 1230 576 1290 quod
607 1248 742 1277 unum
774 1234 916 1294 petit:
951 1251 1056 1298 ergo
1085 1249 1229 1299 gratus
1260 1237 1365 1285 sum.
1402 1240 1505 1287 Post
1548 1242 1654 1289 haec

379 1302 477 1349 usus
504 1303 589 1350 mei
615 1303 770 1360 restat,
797 1318 840 1352 et
866 1306 1047 1370 aliquod
1077 1324 1132 1354 ex
1158 1308 1338 1356 homine
1371 1326 1496 1373 grato
1523 1329 1652 1359 com-

379 1377 578 1422 modum.
596 1377 701 1425 haec
725 1397 816 1426 non
842 1380 1086 1443 imperfecti
1107 1381 1241 1428 officii
1262 1381 1427 1445 reliqua
1447 1400 1546 1445 pars
1566 1382 1656 1440 est;

378 1451 450 1497 sed
472 1451 650 1512 perfeffl
667 1454 863 1502 acceffio.
893 1458 1010 1503 Facit
1033 1456 1204 1502 Phidias
1234 1454 1411 1502 statuam
1432 1475 1443 1503 τ
1471 1457 1575 1504 alius
1592 1457 1654 1505 est

377 1519 547 1570 fructus
581 1525 680 1572 artis
698 1561 711 1580 ‚
741 1527 846 1573 alius
874 1527 1062 1574 artificii.
1097 1528 1200 1573 artis
1228 1526 1318 1584 est,
1350 1526 1499 1575 fecisse
1530 1531 1654 1593 quod

378 1597 553 1644 voluit:
585 1599 781 1657 artificii,
811 1602 958 1649 fecisse
990 1620 1089 1650 cum
1125 1601 1280 1649 fructu.
1324 1602 1511 1649 Perfecit
1542 1600 1655 1667 opus

376 1670 500 1717 suum
522 1673 720 1726 Phidias,
747 1673 911 1720 etiamsi
940 1691 1029 1720 non
1058 1674 1269 1722 vendidit.
1304 1675 1487 1737 Triplex
1512 1677 1572 1723 est
1591 1678 1652 1725 ill-i

375 1745 537 1794 fructus
559 1751 705 1811 operis
730 1751 808 1798 sui.
830 1751 940 1796 unus
963 1750 1252 1797 conscientiae
1274 1768 1284 1796 ε
1311 1750 1424 1798 hunc
1449 1751 1652 1800 absoluto

378 1834 515 1880 opere
541 1823 747 1884 percepit.
772 1823 878 1870 alter
897 1823 1063 1878 famae,
1093 1824 1246 1870 tertius
1273 1825 1492 1872 utilitatis:
1517 1843 1650 1887 quem

376 1890 555 1938 allatura
570 1894 631 1939 est
647 1931 659 1949 ‚
676 1908 748 1940 aut
767 1896 900 1958 gratia
915 1928 928 1950 ,
951 1907 1023 1942 aut
1040 1895 1260 1952 venditio,
1279 1906 1350 1961 eut
1366 1895 1510 1957 aliqua
1528 1912 1651 1942 com-

378 1967 578 2012 moditas.
603 1968 672 2014 Sic
705 1968 908 2016 beneficii
940 1969 1100 2016 fructus
1130 1967 1294 2029 primus
1328 1967 1400 2014 ille
1422 1968 1507 2026 est,
1536 1986 1650 2016 con-

376 2038 590 2087 scientiae.
636 2041 766 2088 Hunc
801 2041 1024 2104 percepit,
1054 2041 1128 2103 qui
1160 2056 1253 2103 quo
1283 2039 1452 2096 voluit,
1489 2058 1651 2090 munus

376 2109 498 2157 suum
534 2112 723 2173 pertulit.
753 2113 975 2159 Secundus
1002 2112 1063 2158 est
1095 2113 1248 2158 famae.
1274 2111 1424 2158 tertius
1456 2128 1611 2159 eorum
1633 2147 1650 2171 ,

374 2199 485 2247 quae
511 2184 714 2245 praestari
738 2185 930 2232 invicem
952 2185 1141 2246 poffunt.
1171 2188 1319 2247 Itaque
1338 2200 1437 2230 cum
1458 2184 1646 2248 benigne

375 2269 604 2319 acceptum
628 2257 687 2304 est
706 2257 967 2305 beneficium
981 2294 995 2314 ,
1021 2258 1056 2304 is
1085 2258 1162 2320 qui
1182 2258 1301 2305 dedit
1318 2289 1333 2310 ,
1352 2256 1526 2319 gratiam
1543 2257 1644 2319 qui-

374 2328 473 2374 dem
489 2329 574 2375 iam
593 2331 786 2393 recepit,
810 2331 1058 2378 mercedem
1077 2331 1286 2377 nondum.
1318 2329 1477 2376 Debeo
1497 2329 1646 2391 itaque

372 2402 496 2463 quod
526 2415 646 2448 extra
671 2402 933 2452 beneficium
960 2401 1045 2463 est,
1071 2401 1212 2467 ipsum
1237 2401 1418 2467 quidem
1435 2399 1546 2449 bene
1564 2416 1643 2457 ac}

373 2473 582 2536 cipiendo
600 2475 808 2538 persolvi.
