1742 2967
330 184 430 247 m:
478 198 958 245 <nemi-:mia
1016 200 1144 243 tm,
1193 202 1222 243 ι.
1363 213 1409 243 ω

140 319 204 354 ter
237 323 322 354 me.
357 309 563 370 Magnam
598 304 820 352 fortunam
853 319 1038 366 magnus
1067 302 1237 349 animus
1273 303 1418 359 decet,

140 379 216 444 qui
249 379 327 425 nisi
366 379 407 425 se
443 379 498 424 ad
526 378 644 426 illam
672 377 856 435 extulit,
893 390 937 423 et
965 376 1092 422 altior
1130 376 1269 433 stetit,
1303 376 1418 421 iliam

142 468 321 517 quoque
352 451 464 498 infra
496 464 658 500 terram
694 451 885 497 deducit.
924 449 1074 514 Magni
1109 463 1250 494 autem
1288 449 1420 494 animi

140 526 200 574 est
236 526 464 590 proprium
486 557 501 581 ,
535 523 751 586 placidum
792 522 903 578 effe,
939 523 1341 586 tranquillumque,
1377 537 1419 569 et

138 599 314 646 iniurias
353 612 483 660 atque
518 596 779 644 offensiones
818 596 999 659 superne
1042 595 1276 657 despicere.
1319 596 1419 640 Mu»

138 670 271 719 liebre
299 669 393 727 est,
427 669 575 716 furere
611 668 657 715 in
683 668 745 714 ira
780 686 791 714 :
821 668 1011 715 ferarum
1046 683 1184 726 vero,
1224 683 1304 715 nec
1345 684 1419 730 ge-

138 742 391 791 nerosarum
428 742 606 806 quidem
628 776 643 800 ,
688 742 996 804 praemordere
1035 752 1077 787 et
1112 757 1268 803 urgere
1308 757 1418 803 pro-

136 815 286 862 iectos.
320 812 548 877 Elephanti
576 813 816 877 leonesque
853 811 1070 860 transeunt
1090 847 1103 870 ‚
1134 827 1246 875 quae
1273 811 1419 874 impu-

136 887 314 933 lerunt:
345 885 552 950 ignobilis
586 884 745 931 bestiae
774 885 1013 947 pertinacia
1049 883 1121 930 est.
1156 885 1264 930 Non
1296 884 1419 930 decet

136 976 283 1024 regem
308 958 435 1007 saeva
468 969 511 1005 et
529 958 814 1005 inexorabilis
846 958 941 1005 ira:
964 973 1056 1004 non
1085 957 1273 1004 multum
1298 957 1418 1005 enim

135 1032 261 1095 supra
294 1048 393 1079 eum
416 1031 606 1086 eminet,
630 1030 702 1078 cui
731 1029 772 1077 se
797 1028 1022 1076 irascendo
1041 1039 1255 1091 exaequat
1279 1046 1289 1074 :
1317 1040 1360 1076 at
1387 1030 1418 1075 fi

135 1108 210 1154 dat
230 1107 368 1155 vitam
386 1142 401 1165 ‚
435 1106 464 1153 fi
500 1106 572 1153 dat
601 1105 856 1170 dignitatem
888 1103 1229 1167 periclitantibus
1252 1114 1294 1150 et
1321 1119 1415 1149 me-

136 1180 232 1227 ritis
270 1181 495 1237 amittere,
535 1179 641 1228 facit
672 1181 796 1243 quod
829 1178 934 1225 nulli
966 1177 1044 1224 nifi
1071 1193 1217 1228 rerum
1248 1178 1420 1240 potenti

135 1251 250 1298 licet.
282 1252 385 1297 Vita
410 1252 528 1297 enim
553 1251 683 1297 etiam
712 1250 926 1313 superiori
953 1248 1164 1312 eripitur,
1189 1265 1416 1312 nunquam

136 1323 214 1370 nifi
249 1323 451 1372 inferiori
483 1324 622 1371 datur.
662 1324 842 1370 Servare
863 1359 878 1381 ‚
914 1323 1144 1387 proprium
1174 1322 1235 1369 est
1267 1326 1415 1371 exceln
1454 1350 1455 1353 =

134 1400 258 1448 lentis
283 1400 486 1447 fortunae
507 1415 650 1462 :quae
671 1415 898 1463 nunquam
918 1398 1053 1462 magis
1081 1398 1234 1462 suspici
1259 1399 1415 1456 debet,

133 1488 265 1536 quam
292 1488 391 1520 cum
422 1472 481 1518 illi
505 1471 722 1534 contingit
742 1471 857 1517 idem
877 1469 1000 1533 poffe
1028 1470 1151 1534 quod
1170 1469 1273 1528 diis,
1301 1488 1414 1534 quo-

134 1561 230 1590 rum
260 1542 477 1591 beneficio
496 1544 542 1590 in
561 1543 702 1590 lucem
721 1543 914 1599 edimur,
934 1553 1020 1588 tam
1047 1542 1155 1590 boni
1172 1558 1304 1604 quam
1324 1560 1415 1590 mau

134 1617 178 1665 li.
215 1619 421 1665 Deorum
442 1617 590 1682 itaque
623 1617 699 1671 tibi
727 1616 923 1662 animum
957 1616 1142 1663 afferens
1180 1616 1412 1679 Princeps,

133 1691 241 1738 alios
271 1708 326 1738 ex
356 1690 526 1738 civibus
554 1691 665 1748 suis,
691 1690 792 1754 quia
819 1689 945 1737 utiles
974 1689 1172 1753 bonique
1201 1689 1323 1747 sunt,
1351 1689 1407 1735 li-

134 1762 240 1809 bens
265 1762 432 1818 videat,
458 1763 567 1810 alios
591 1763 637 1809 in
667 1779 898 1809 numerum
920 1761 1138 1826 relinquat
1158 1779 1169 1808 ε
1192 1762 1410 1826 quosdam

135 1836 222 1883 effe
245 1839 428 1900 gaudeat
445 1873 458 1895 ‚
492 1836 707 1901 quosdam
736 1836 933 1898 patiatur.

199 1912 275 1957 Vl.
307 1910 511 1975 Cogitate
536 1909 581 1956 in
607 1910 687 1956 hac
709 1909 912 1966 civitate,
939 1907 983 1954 in
1003 1924 1088 1971 qua
1110 1907 1235 1954 turba
1254 1924 1333 1971 per
1349 1909 1410 1955 la—

131 1982 287 2029 tiffima
319 1983 476 2030 itinera
507 1982 594 2028 sine
625 1980 942 2028 intermistione
975 1979 1172 2027 defluens
1204 1981 1413 2039 eliditur,

130 2057 337 2120 quotiens
368 2056 532 2119 aliquid
563 2054 759 2113 obstitit,
794 2055 917 2119 quod
953 2054 1124 2101 cursum
1159 2054 1252 2102 eius
1291 2056 1411 2103 velut

130 2129 337 2176 torrentis
354 2129 493 2192 rapidi
510 2142 780 2175 moraretur:
804 2128 846 2173 in
866 2143 949 2191 qua
967 2126 1104 2173 tribus
1123 2127 1280 2174 eodem
1302 2140 1409 2175 tem-

131 2218 243 2265 pore
268 2202 446 2249 theatris
469 2203 567 2250 viae
593 2201 867 2265 postulantur
889 2218 898 2247 :
932 2200 976 2246 in
995 2216 1081 2263 qua
1106 2199 1407 2256 consumitur,

131 2274 348 2337 quidquid
378 2274 504 2321 terris
536 2274 742 2320 omnibus
767 2286 911 2319 aratur
933 2290 943 2318 :
967 2283 1127 2335 quanta
1157 2271 1347 2319 solitudo
1365 2289 1409 2322 et

132 2346 306 2394 vastitas
335 2347 477 2394 futura
499 2346 549 2394 fit
565 2384 578 2405 ,
600 2347 630 2394 fi
649 2348 754 2394 nihil
782 2345 1068 2410 relinquitur,
1094 2343 1171 2390 nisi
1200 2347 1320 2408 quod
1342 2347 1409 2393 iu-

133 2421 216 2467 dex
242 2421 415 2469 severus
436 2422 684 2469 absolverit.
714 2423 894 2482 Quotus
922 2419 1104 2484 quisque
1129 2435 1184 2465 ex
1205 2420 1408 2483 quaesto-

133 2492 255 2542 ribus
274 2494 364 2555 est,
386 2496 463 2559 qui
495 2511 586 2544 non
609 2512 658 2545 ea
684 2495 774 2560 ipsa
798 2495 894 2560 lege
917 2504 1138 2552 teneatur,
1166 2509 1249 2559 qua
1274 2511 1406 2559 quae-
