1742 2967
311 183 428 246 *DE
476 185 900 246 Reum-“icus
955 188 1079 235 ΜΒ.
1124 191 1197 235 vr.
1318 201 1402 252 295

143 307 294 356 magna
316 290 481 354 fastigia
496 327 510 349 ,
533 292 640 355 quid
660 292 808 338 omnia
836 292 1150 355 poffidentibus
1172 294 1289 341 desit.
1312 295 1404 342 Sci—

141 364 244 410 licet
266 363 360 420 ille,
387 363 464 426 qui
494 381 647 410 verum
669 363 809 420 dicat,
830 376 872 410 et
895 365 1120 412 hominem
1149 365 1257 412 inter
1281 383 1406 412 men-

140 437 293 483 tientes
326 435 593 497 stupentem‚
626 435 800 499 ipsaque
827 438 1138 485 consuetudine
1168 455 1249 501 pro
1283 439 1408 485 reffls

141 510 296 558 blanda
328 511 558 567 audiendi,
590 511 644 556 ad
684 511 969 573 ignorantiam
996 513 1091 559 veri
1118 513 1371 575 perducium
1394 548 1408 569 ,

144 583 336 632 vindicet
364 599 388 628 a
421 583 629 630 consensu
655 597 959 646 concentuque
978 583 1195 631 falsorum.
1216 587 1320 630 Non
1339 584 1406 630 vi-

143 654 217 701 des
242 656 615 718 quemadmodum
643 656 741 703 illos
766 656 812 702 in
842 673 1050 719 praeceps
1078 670 1174 720 agat
1205 657 1407 703 exstincia

143 726 315 773 libertas
331 762 343 783 ‚
370 741 412 773 et
431 726 538 773 fides
556 727 600 773 in
618 727 873 791 obsequium
891 728 1044 775 servile
1064 728 1281 785 submiffa,
1302 730 1406 775 dum

144 816 275 846 nemo
293 817 345 846 ex
367 800 500 846 animi
514 800 577 847 sui
596 801 803 849 sententia
821 801 988 861 suadet,
1008 802 1318 866 dissuadetque,
1336 802 1408 848 sed

143 871 344 918 adulandi
362 885 579 920 certamen
597 873 682 928 est,
713 886 754 920 et
781 891 914 921 unum
938 875 1180 920 amicorum
1208 874 1407 920 omnium

144 943 339 990 officium
360 979 374 1001 ‚
417 961 500 990 una
533 945 759 992 contentio
780 977 796 1001 ‚
829 946 923 1010 quis
958 945 1223 992 blandiffime
1260 944 1409 991 fallat?

143 1019 405 1080 Ignoravere
425 1018 540 1066 vires
558 1019 649 1066 suas
662 1055 675 1077 ‚
696 1031 739 1065 et
763 1020 868 1066 dum
885 1019 928 1066 se
946 1030 1033 1066 tam
1054 1035 1255 1082 magnos,
1274 1035 1408 1082 quam

143 1088 325 1135 audiunt
340 1123 354 1146 ,
375 1089 578 1148 credunt,
600 1102 808 1136 attraxere
828 1089 1090 1153 supervacua
1104 1122 1118 1145 ‚
1140 1102 1181 1136 et
1197 1090 1242 1135 in
1259 1089 1409 1137 discri-

144 1177 246 1208 men
263 1177 409 1208 rerum
430 1162 628 1209 omnium
658 1174 919 1226 perventura
937 1162 1045 1210 bella
1063 1180 1075 1210 :
1099 1162 1250 1210 utilem
1272 1175 1314 1209 et
1332 1180 1409 1210 ne·

145 1233 364 1281 ceffariam
385 1251 540 1296 rupere
558 1235 857 1283 concordiam.
870 1233 1005 1282 secuti
1022 1234 1127 1281 iram
1142 1267 1156 1290 ‚
1184 1251 1316 1297 quam
1333 1251 1410 1280 ne-

145 1325 222 1355 mo
239 1309 503 1366 revocabat,
531 1308 768 1355 multorum
797 1308 1043 1371 sanguinem
1063 1308 1294 1355 hauserunt
1307 1343 1320 1365 ‚
1339 1307 1409 1354 su-

142 1380 228 1427 suri
249 1379 478 1428 noviffime
498 1380 618 1427 suum
634 1415 648 1438 ,
674 1381 776 1427 dum
797 1379 1021 1428 vindicant
1035 1381 1306 1442 inexplorata
1324 1397 1409 1442 pro

144 1453 270 1500 certis
288 1488 301 1510 ‚
332 1452 533 1515 flectique
563 1468 655 1498 non
685 1453 826 1499 minus
857 1452 1099 1499 existimant
1124 1467 1250 1516 turpe
1277 1470 1410 1517 quam

143 1526 293 1582 vinci,
327 1541 370 1572 et
400 1537 611 1588 perpetua
639 1525 845 1580 credunt,
875 1541 983 1588 quae
1011 1525 1055 1571 in
1075 1524 1290 1572 summum
1310 1542 1408 1588 per-

145 1600 270 1647 ducta
287 1599 474 1646 maxime
496 1610 663 1645 nutant.
689 1599 882 1663 Ingentia
909 1598 1031 1660 super
1049 1599 1089 1645 se
1109 1598 1253 1644 casura
1276 1615 1409 1662 regna

144 1671 389 1736 fregerunt,
424 1686 505 1716 nec
522 1670 854 1725 intellexerunt,
879 1671 923 1716 in
949 1670 1018 1715 illa
1038 1670 1189 1725 scena,
1223 1684 1266 1719 et
1285 1671 1409 1718 vanis

145 1756 191 1792 et
218 1744 307 1791 cito
326 1742 617 1790 diffluentibus
635 1742 760 1788 bonis
779 1742 1018 1805 refulgente
1032 1777 1044 1797 ‚
1064 1758 1116 1788 ex
1134 1759 1189 1789 eo
1208 1757 1409 1805 tempore

144 1818 262 1882 ipsos
281 1817 387 1864 nihil
409 1832 501 1863 non
528 1817 695 1864 adversi
720 1817 958 1879 exspessare
983 1816 1199 1877 debuisse,
1231 1835 1286 1866 ex
1315 1834 1408 1882 quo

145 1891 255 1938 nihil
277 1889 375 1936 veri
399 1888 547 1935 audire
574 1899 821 1951 potuerunt.

212 1963 387 2010 XXXI.
414 1961 527 2007 Cum
556 1959 715 2006 bellum
740 1960 947 2007 Graeciae
973 1960 1181 2009 indiceret
1207 1963 1409 2021 Xerxes,

80 2055 82 2057 ·
146 2036 339 2084 animum
364 2046 603 2080 tumentem
618 2064 632 2088 ‚
650 2033 924 2095 oblitumque
948 2049 1078 2096 quam
1105 2034 1277 2081 caducis
1297 2052 1406 2082 con-

147 2111 301 2158 fideret
313 2144 329 2167 ,
345 2124 477 2155 nemo
495 2124 587 2155 non
603 2108 789 2171 impulit.
810 2107 930 2155 Alius
948 2108 1087 2154 aiebat
1101 2142 1114 2165 ,
1135 2123 1226 2154 non
1248 2107 1409 2156 laturos

147 2182 348 2230 nuntium
370 2170 506 2238 belli,
533 2193 576 2227 et
606 2181 660 2226 ad
680 2180 864 2242 primam
884 2180 1091 2228 adventus
1111 2178 1267 2225 famam
1290 2191 1407 2244 terga

146 2255 377 2307 versuros:
400 2254 527 2312 atius,
554 2254 663 2300 nihil
681 2254 765 2301 effe
789 2254 931 2312 dubii,
960 2254 1066 2317 quin
1084 2254 1154 2301 illa
1173 2255 1289 2300 mole
1317 2271 1408 2301 non

146 2326 266 2375 vinci
291 2325 428 2372 solum
451 2324 652 2380 Graecia,
672 2324 742 2370 sed
760 2324 888 2372 obrui
911 2324 1046 2385 posset
1068 2343 1078 2371 ε
1100 2325 1232 2386 magis
1251 2341 1409 2372 veren-

149 2399 255 2446 dum
274 2430 288 2452 ‚
325 2415 398 2445 ne·
419 2414 577 2446 vacuas
602 2396 869 2460 desertasque
898 2399 1026 2444 urbes
1060 2397 1305 2444 invenirent
1324 2430 1340 2453 ,
1369 2413 1412 2447 et

146 2471 344 2536 profugis
370 2472 564 2521 hostibus
594 2471 736 2522 vastae
768 2471 1018 2521 solitudines
1043 2470 1412 2581 relinquerentur,

1127 2552 1158 2594 4
