1742 2967
267 171 356 220 -292
491 157 538 201 L.
588 156 876 216 ANNAEI
925 155 1277 199 SENECAE

263 260 419 307 collata
450 258 620 305 vulneri
647 258 805 322 placuit
831 276 842 303 z
868 260 989 322 quod
1022 258 1080 304 ita
1109 258 1244 305 coiffe
1271 258 1534 322 gaudemus,

263 345 314 379 ut
331 349 421 378 non
441 331 562 379 fuifl‘e
581 333 818 380 mallemus.
845 332 887 379 Si
907 332 994 379 hoc
1011 332 1051 378 ei
1070 343 1243 394 optares
1261 364 1275 386 ‚
1299 332 1420 378 cuius
1437 332 1534 378 nul·

262 405 354 452 lum
380 402 642 452 beneficium
669 404 848 452 haberes
865 437 879 460 ,
915 403 1201 450 inhumanum
1227 416 1318 450 erat
1345 414 1501 450 votum
1524 420 1535 450 ε

256 494 427 545 vquanto
447 481 724 528 inhumanius
753 482 793 528 ei
813 494 965 544 optas,
995 480 1064 527 cui
1090 476 1350 525 beneficium
1372 477 1534 526 debes?

327 550 466 600 XXV
471 556 521 599 Π.
551 554 708 611 Simul,
725 554 892 617 inquit,
916 565 964 599 ut
980 551 1137 615 poffim
1160 550 1272 598 ferre
1295 550 1355 596 illi
1372 566 1504 612 opem
1522 584 1536 608 ,

258 639 436 689 precor.
470 625 689 684 Primum,
717 639 764 671 ut
788 641 830 672 te
861 626 905 670 in
926 625 1069 670 media
1092 638 1212 686 parte
1237 621 1334 669 voti
1359 622 1425 668 tui
1453 638 1535 668 oc-

262 715 420 762 cupem
437 734 450 758 ,
465 699 550 745 iam
569 699 759 762 ingratus
779 716 836 745 es,
853 699 1050 744 nondum
1069 696 1200 743 audio
1219 695 1324 759 quid
1348 695 1409 740 iili
1426 694 1537 741 velis

262 771 475 835 praestare
503 790 514 818 ε
545 772 636 819 scio
661 772 767 835 quid
799 771 918 817 illum
942 770 1048 817 velis
1071 770 1171 832 pati.
1195 768 1538 815 Sollicitudinem

260 847 322 895 illi
351 859 394 894 et
421 859 586 894 metum
602 880 616 903 ,
639 860 683 893 et
712 846 850 892 maius
876 845 1053 908 afiquod
1077 843 1327 907 imprecaris
1358 842 1537 890 malum.

259 934 416 982 optas,
438 931 487 966 ut
507 935 594 981 ope
615 918 805 981 indigeat
828 937 840 964 ε
864 918 951 964 hoc
985 930 1139 966 contra
1164 917 1286 963 illum
1311 915 1384 963 est.
1410 928 1538 979 optas

261 1004 310 1039 ut
336 1004 407 1039 tua
435 991 625 1054 indigeat
648 1007 736 1052 ope
757 990 874 1037 :hoc
896 1007 979 1054 pro
1003 1002 1046 1036 te
1070 989 1144 1036 est.
1171 1005 1263 1035 non
1287 988 1539 1037 succurrere

259 1065 331 1112 vis
349 1064 409 1111 illi
424 1100 437 1122 ‚
461 1064 533 1111 sed
547 1064 728 1110 solvere.
743 1063 835 1124 Qui
854 1064 911 1110 fic
931 1075 1138 1126 properat
1154 1098 1168 1121 ,
1184 1062 1275 1125 ipse
1291 1062 1403 1110 solvi
1423 1062 1539 1121 vult,

261 1146 356 1182 non
388 1134 576 1181 solvere.
603 1135 665 1179 Ita
699 1135 822 1196 quod
846 1151 981 1180 unum
1008 1135 1053 1180 in
1078 1146 1189 1180 voto
1209 1145 1287 1180 tuo
1310 1134 1541 1181 honestum

261 1208 407 1256 videri
432 1218 636 1271 poterat,
667 1206 810 1270 ipsum
839 1219 965 1270 turpe
993 1219 1035 1254 et
1060 1207 1277 1271 ingratum
1306 1207 1392 1266 est,
1422 1207 1541 1255 nolle

257 1282 435 1329 debere.
451 1293 581 1344 optas
598 1279 715 1327 enim
731 1316 744 1338 ‚
774 1296 864 1327 non
883 1292 931 1326 ut
955 1296 1000 1326 tu
1019 1279 1269 1327 facultatem
1290 1280 1446 1327 habeas
1468 1298 1541 1328 re-

259 1353 468 1402 ferendae
496 1353 680 1417 gratiae‚
711 1353 782 1399 sed
808 1367 855 1398 ut
876 1352 947 1399 ille
974 1351 1267 1399 neceffitatem
1294 1351 1541 1414 imploran-

260 1426 357 1472 dae.
374 1427 654 1488 Superiorem
674 1440 717 1472 te
736 1423 863 1482 facis,
882 1438 926 1471 et
942 1425 1064 1487 quod
1085 1423 1202 1470 nefas
1219 1423 1302 1480 est,
1316 1423 1428 1471 bene
1447 1442 1542 1471 me*

262 1499 393 1546 ritum
415 1500 468 1545 ad
494 1500 627 1562 pedes
649 1512 751 1546 tuos
778 1499 927 1544 mittis,
959 1508 1123 1561 quanto
1144 1497 1269 1545 satius
1288 1497 1375 1553 est,
1397 1498 1541 1545 hone-

262 1572 322 1617 sta
339 1573 565 1618 voluntate
585 1573 744 1619 debere
759 1607 772 1628 ,
794 1588 923 1634 quam
949 1587 1025 1633 per
1041 1570 1199 1616 malam
1218 1570 1436 1618 rationem
1453 1571 1543 1617 sol-

263 1648 396 1690 vere?
417 1644 459 1690 Si
478 1643 723 1691 infitiareris
742 1644 863 1706 quod
883 1660 1134 1706 acceperas,
1151 1644 1296 1693 minus
1314 1662 1540 1709 peccares:

262 1718 372 1764 mihil
402 1718 519 1765 enim
555 1717 632 1763 nifi
665 1718 787 1781 quod
819 1717 1023 1776 dederat,
1053 1717 1285 1766 amitteret.
1330 1734 1446 1765 nunc
1474 1719 1543 1766 vis

261 1791 383 1838 illum
407 1790 559 1838 subiici
581 1790 663 1838 tibi
682 1791 842 1838 iaetura
860 1807 1007 1837 rerum
1026 1790 1196 1836 suarum
1210 1826 1224 1847 ‚
1242 1802 1284 1837 et
1302 1790 1430 1837 status
1445 1807 1543 1837 mu-

260 1864 432 1911 tatione
449 1864 496 1910 in
516 1863 812 1921 id>devocari‚
842 1875 890 1910 ut
912 1863 1025 1911 infra
1055 1863 1268 1910 beneficia
1292 1863 1365 1910 sua
1393 1863 1542 1910 iaceat.

261 1941 451 1985 Gratum
468 1950 514 1984 'te
532 1936 725 1999 putabo?
744 1953 894 1983 coram
911 1953 968 1984 eo
980 1972 994 1994 ,
1013 1937 1082 1984 cui
1102 1935 1303 1999 prodeffe
1320 1938 1406 1995 vis,
1423 1949 1543 1999 opta.

265 2013 434 2058 Votum
458 2023 505 2057 tu
528 2009 638 2056 istud
657 2026 817 2065 vocas,
844 2010 967 2072 quod
996 2009 1108 2056 inter
1127 2022 1297 2072 gratum
1322 2022 1365 2056 et
1393 2009 1544 2056 inimi-

265 2079 379 2131 cum
399 2082 540 2145 potest
571 2081 743 2128 dividi?
773 2082 895 2145 quod
927 2098 1017 2128 non
1048 2082 1218 2128 dubites
1247 2082 1542 2131 adversarium

265 2171 310 2203 et
333 2156 500 2202 hostem
528 2153 673 2201 feciffe
688 2190 700 2211 ‚
720 2154 751 2199 fi
768 2167 961 2200 extrema
980 2152 1235 2200 taceantur?
1256 2152 1414 2200 Hostes
1431 2169 1543 2216 quo-

267 2245 352 2290 que
375 2239 639 2289 optaverunt
658 2243 814 2289 capere
831 2227 1036 2289 quasdam
1058 2227 1186 2273 urbes
1200 2262 1214 2285 ,
1233 2239 1283 2272 ut
1299 2227 1544 2273 servarent:

267 2315 311 2347 et
336 2300 514 2347 vincere
535 2300 754 2363 quosdam
773 2335 786 2357 ,
817 2314 865 2346 ut
892 2299 1177 2363 ignoscerent,
1210 2315 1292 2345 nec
1322 2299 1427 2344 ideo
1450 2314 1542 2344 non

265 2373 437 2418 hostilia
454 2387 588 2418 vota:
611 2372 656 2417 in
684 2372 865 2434 quibus,
892 2372 1014 2436 quod
1040 2371 1309 2418 mitiffimum
1330 2370 1413 2426 est,
1445 2368 1541 2432 post

263 2446 566 2493 crudelitatem
587 2439 722 2493 venit.
745 2444 951 2507 Denique
968 2443 1112 2508 qualia
1129 2441 1215 2489 effe
1233 2443 1398 2489 iudicas
1414 2453 1540 2497 vota,
