1742 2967
281 160 371 204 258
504 158 1296 207 L.ANNAEISENECAE

276 264 358 311 fit?
381 266 447 310 An
469 263 500 311 si
523 264 558 311 is
579 281 758 327 quoque
777 266 898 322 vult,
920 266 995 329 qui
1015 267 1157 329 potest
1174 266 1316 314 statim
1337 270 1451 316 nolle
1477 304 1491 326 ‚
1523 273 1557 319 is

274 354 366 384 non
401 338 622 386 videbitur
659 339 799 397 velle,
840 340 884 387 in
920 340 1042 388 cuius
1085 355 1281 389 naturam
1318 360 1411 390 non
1444 347 1560 393 cadit

276 411 429 458 nolle?
612 449 614 451 -

337 485 484 530 XXII.
518 484 717 548 Agedum
732 520 745 542 ‚
766 483 932 549 inquit,
951 484 980 531 fi
998 485 1178 549 poss‘unt
1193 523 1206 545 ‚
1232 487 1433 537 resistant.
1454 492 1556 539 Hoc

273 557 404 615 dicis,
433 551 599 604 Ouinia
622 558 698 604 ista
733 558 981 622 ingentibus
1010 560 1248 608 intervallis
1278 564 1451 611 diducta
1469 600 1483 623 ,
1514 580 1558 611 et

272 632 318 676 in
351 631 592 678 custodiam
613 631 803 678 universi
828 633 1029 695 disposita
1045 665 1059 689 ‚
1088 633 1289 683 stationes
1316 635 1408 683 suas
1433 638 1556 684 dese—

271 716 394 763 rant,
428 704 569 752 subita
601 705 860 753 confusione
893 723 1039 754 rerum
1071 707 1208 754 sidera
1238 709 1555 757 fidet-ibustin-

271 789 478 836 currant,
508 789 551 824 et
574 789 699 841 rupta
728 795 874 825 rerum
905 780 1146 827 concordia
1171 781 1216 827 in
1243 781 1411 828 ruinam
1436 783 1555 830 divi-

271 868 328 898 na
356 852 581 911 labantur,
614 864 935 915 contextusque
968 853 1217 902 velocitatis
1253 856 1550 915 citatissimae,

269 926 315 972 in
348 938 416 974 tot
440 925 578 973 secula
597 926 819 988 promissas
843 925 993 978 vices,
1019 927 1064 972 in
1088 927 1237 974 medio
1253 929 1406 976 itinere
1424 930 1552 977 desti-

268 1011 387 1057 tuat,
416 1011 458 1046 et
479 1017 591 1064 quae
619 1017 736 1046 nunc
757 1011 860 1047 eunt
886 999 1058 1062 alternis
1083 1001 1354 1066 redeuntque
1385 1019 1553 1066 oppor—

265 1074 383 1121 tunis
412 1074 706 1134 libramentis,
736 1075 947 1120 mundum
984 1091 1036 1122 ex
1061 1091 1205 1139 aequo
1232 1077 1516 1139 temperantia
1534 1110 1549 1133 ,

265 1149 499 1211 repentino
519 1161 861 1196 concrementur
878 1148 1109 1207 incendio,
1135 1160 1177 1195 et
1196 1166 1249 1196 ex
1267 1160 1382 1196 tanta
1407 1151 1550 1198 varie-

224 1224 226 1226 ’
264 1234 350 1269 tate
365 1221 603 1279 solvantur,
624 1235 751 1285 atque
765 1231 862 1267 eant
884 1220 928 1264 in
949 1237 1083 1266 unum
1104 1221 1271 1267 omnia.
1284 1221 1394 1284 Ignis
1414 1238 1549 1268 cunc-

265 1310 309 1341 ta
340 1294 556 1355 poffideat
575 1328 589 1350 ‚
623 1308 754 1355 quem
790 1290 948 1336 deinde
978 1289 1098 1352 pigra
1129 1306 1220 1335 nox
1253 1300 1468 1352 occupet,
1505 1305 1548 1337 et

268 1367 488 1429 profunda
511 1381 681 1428 vorago
715 1375 782 1410 tot
811 1363 918 1409 deos
948 1361 1132 1409 sorbeat.
1162 1361 1233 1408 Est
1266 1361 1402 1419 tanti,
1428 1378 1478 1409 ut
1504 1375 1550 1409 tu

265 1440 514 1503 coarguaris
529 1475 542 1496 ‚
560 1438 636 1484 ista
659 1436 929 1484 concidere?
959 1435 1144 1482 Prosunt
1166 1434 1247 1481 tibi
1265 1435 1397 1482 etiam
1425 1431 1547 1482 invi—

264 1527 313 1559 to
330 1546 344 1568 ‚
378 1524 568 1576 euntque
596 1510 673 1557 ista
700 1523 772 1556 tua
797 1508 952 1556 causa:
980 1508 1145 1555 etiamsi
1170 1506 1311 1553 maior
1336 1506 1418 1555 illis
1442 1508 1548 1566 alia,

267 1601 318 1632 ac
345 1585 470 1647 prior
496 1583 622 1630 causa
650 1581 724 1630 est.

330 1658 498 1703 XXIII.
538 1654 691 1701 Adiice
721 1670 870 1712 nunc,
905 1652 1027 1717 quod
1053 1668 1144 1699 non
1173 1660 1351 1699 externa
1376 1667 1546 1715 cogunt

264 1731 394 1785 deos,
415 1729 486 1777 sed
510 1728 581 1774 sua
607 1727 689 1774 illis
707 1727 750 1773 in
780 1726 921 1789 legem
948 1737 1121 1772 aeterna
1148 1725 1351 1771 voluntas
1370 1724 1442 1771 est.
1463 1725 1544 1772 sta-

261 1814 464 1857 tuerunt,
484 1817 594 1864 quae
622 1817 713 1846 non
738 1813 972 1847 mutarent.
1007 1801 1155 1861 Itaque
1175 1814 1266 1843 non
1288 1796 1462 1860 poffunt
1482 1798 1548 1843 vi·
1599 1804 1617 1823 ³

263 1878 356 1923 deri
382 1876 536 1923 faciut-i
566 1874 754 1938 aliquid,
781 1872 986 1936 quamvis
1012 1872 1184 1918 nolint:
1205 1871 1307 1932 quia
1331 1871 1547 1933 quidquid

263 1948 456 1995 desinere
485 1963 577 1993 non
607 1947 813 2009 possunt,
844 1946 1124 2008 perseverare
1157 1945 1395 1991 voluerunt
1427 1960 1438 1990 :
1468 1959 1547 1990 nec

263 2037 455 2083 unquam
485 2019 615 2082 primi
633 2019 800 2065 consilii
821 2019 928 2064 deos
951 2019 1159 2081 poenitet.
1186 2018 1288 2064 Sine
1310 2017 1448 2063 dubio
1464 2015 1546 2062 sta-

262 2110 310 2139 re
337 2092 419 2139 illis
446 2104 487 2140 et
517 2092 752 2139 desciscere
781 2092 825 2137 in
858 2092 1150 2145 contrarium,
1183 2106 1274 2137 non
1305 2090 1405 2136 licet
1434 2107 1444 2134 :
1473 2088 1543 2134 sed

263 2183 355 2212 non
381 2164 442 2212 ob
469 2165 610 2223 aliud,
641 2181 770 2228 quam
804 2165 904 2228 quia
931 2165 999 2212 vis
1022 2164 1094 2211 sua
1121 2163 1217 2211 illos
1241 2165 1285 2210 in
1311 2162 1543 2226 proposito

260 2251 405 2294 tenetj„
434 2254 514 2285 nec
539 2237 832 2285 imbecillitate
847 2252 1140 2301 permanent,
1168 2238 1239 2284 sed
1262 2238 1364 2301 quia
1383 2252 1473 2282 non
1493 2236 1544 2281 1³-

259 2312 334 2356 }›et
360 2311 414 2355 ab
433 2309 614 2372 optimis
638 2310 861 2369 aberrare,
892 2323 934 2357 et
962 2311 1019 2357 fic
1043 2311 1107 2357 ire
1133 2311 1358 2357 decretum
1387 2309 1461 2355 est.
1493 2311 1543 2353 In

260 2384 402 2446 prima
425 2396 567 2430 autem
588 2382 661 2430 illa
688 2383 1023 2442 constitutione,
1043 2401 1146 2431 cum
1172 2384 1370 2431 universa
1396 2381 1543 2443 dispc-

261 2468 444 2511 nerent‚
470 2457 601 2505 etiam
625 2456 774 2506 nostra
800 2457 1035 2520 viderunt,
1062 2458 1368 2521 rationemque
1392 2452 1542 2502 homi-
