1742 2967
287 161 377 203 240
445 146 489 190 L.
520 145 663 191 ANN.
690 144 813 190 Sffl.
845 144 928 188 DE
953 143 1264 190 BENEHCHS
1294 146 1339 190 L.
1364 147 1439 192 lv.

283 277 376 306 non
402 276 500 323 ago.
529 260 598 306 Ne
627 259 735 305 illud
767 257 945 321 quidem
973 257 1174 306 existimo
1202 258 1480 318 faciendum,
1516 273 1564 308 ut

278 331 443 381 referre
469 331 680 396 gratiam,
716 333 846 378 etiam
874 330 1028 378 invitis
1060 332 1128 379 his
1161 333 1318 395 quibus
1348 332 1564 387 refertur,

278 421 592 469 properemus,
619 416 661 451 et
688 402 896 451 instemus
917 403 1234 464 recedentibus.
1267 404 1374 450 Non
1406 402 1467 450 est
1495 420 1561 452 re·

275 479 392 527 ferre
414 479 616 542 gratiam,
646 477 770 542 quod
799 477 955 524 volens
981 477 1229 540 acceperis,
1263 477 1433 524 nolenti
1461 478 1563 524 red-

278 553 395 600 dere.
417 551 641 613 Quidam,
673 566 773 597 cum
799 549 979 613 aliquod
1002 549 1086 597 illis
1106 549 1276 596 missum
1304 548 1364 596 est
1390 549 1563 596 munus·

278 625 451 681 culum,
477 622 658 669 subinde
677 620 792 668 aliud
816 619 1125 684 intempestive
1146 622 1402 680 remittunt,
1432 632 1477 669 et
1493 621 1563 668 ni·
1622 660 1625 662 .

279 696 340 743 hil
359 696 401 744 se
431 695 590 743 debere
616 693 834 742 testantur.
866 694 1111 742 Reiiciendi
1141 711 1280 759 genus
1300 694 1387 753 est,
1416 695 1561 757 proti·

277 787 359 818 nus
376 769 492 816 aliud
512 767 705 817 invicem
729 768 904 816 mittere
918 804 930 826 ‚
953 780 996 814 et
1015 784 1175 814 munus
1193 783 1371 814 munere
1393 783 1564 831 expun-

276 859 391 907 gere.
412 842 662 906 Aliquando
676 853 719 888 et
736 857 826 887 non
847 841 1026 887 reddam
1049 839 1309 891 beneficium
1325 876 1339 898 ,
1357 857 1457 888 cum
1472 838 1566 904 pos-

274 915 379 972 fim3
413 914 631 977 quando?
664 913 694 960 fi
723 914 820 976 plus
851 913 958 959 mihi
996 913 1262 961 detraehtrus
1289 929 1397 970 ero,
1427 930 1560 977 quam

275 988 341 1036 {ni
371 989 607 1036 collaturus
629 1004 641 1033 ε
663 985 693 1032 fi
717 986 788 1032 ille
815 1002 904 1031 non
931 986 1010 1032 erit
1038 985 1234 1033 sensurus
1261 984 1392 1031 ullam
1421 985 1562 1034 acces·

277 1060 445 1107 fionem
470 1070 653 1122 recepto
677 1075 760 1116 e0,
790 1075 882 1122 quo
908 1059 1107 1117 reddit0,
1132 1059 1241 1106 mihi
1271 1059 1460 1121 multKum
1482 1060 1561 1107 ab·

276 1132 512 1179 sceffurum
538 1131 634 1179 erit.
660 1130 751 1192 Qui
773 1130 942 1178 festinat
959 1132 1111 1197 utique
1130 1131 1316 1179 reddere
1330 1164 1344 1188 ‚
1377 1149 1468 1180 non
1485 1133 1560 1180 ha-

279 1205 352 1252 bet
380 1203 574 1250 animum
600 1204 710 1269 grati
729 1203 943 1261 hominis,
969 1203 1042 1252 sed
1068 1203 1292 1252 debitoris.
1316 1206 1370 1251 Et
1390 1217 1438 1252 ut
1461 1204 1561 1252 bre-

280 1276 418 1332 viter,
442 1276 521 1339 qui
551 1275 681 1324 nimis
705 1273 810 1324 cito'
828 1277 949 1339 cupit
976 1275 1175 1336 solvere,
1203 1275 1370 1327 invitus
1390 1277 1553 1328 debet‘z

277 1347 358 1412 qui
384 1348 552 1398 invitus
581 1348 737 1408 debet,
767 1348 962 1413 ingratus
995 1348 1083 1398 est.
1111 1349 1114 1351 ’

1736 1128 1739 1152 1

1731 1155 1739 1271 ἒ

1734 1276 1739 1306 ἱ

1731 1309 1739 1359 ,ἐ

1730 1372 1738 1394 ,α

1722 1399 1739 1430 'J

1732 1451 1737 1473 ,ι

1732 1479 1738 1536 3

589 1552 1239 1575 h--u———a—-u—-a-d
