1742 2967
315 147 407 178 212
562 131 613 180 L.
665 128 965 178 ANNAEI
1011 127 1374 175 SENECAE

313 255 395 286 nec
421 249 571 286 natura
596 237 683 285 fine
707 239 812 285 Deo
835 235 920 298 est,
950 253 1032 284 nec
1058 236 1184 283 Deus
1207 234 1295 283 fine
1320 249 1472 283 natura
1491 253 1505 294 ;
1524 237 1596 284 sed

311 311 430 359 idem
450 310 512 358 est
539 321 774 373 utrumque
790 341 804 364 ‚
832 325 915 356 nec
944 308 1069 356 distat
1089 309 1255 356 officio.
1281 310 1323 355 Si
1351 309 1458 373 quid
1476 326 1499 355 a
1519 311 1598 356 Se-

311 401 421 432 neca
446 383 679 446 accepiffes
696 418 710 440 ,
741 388 924 429 Annaeo
946 396 989 429 te
1020 381 1185 429 diceres
1212 382 1396 439 debere,
1421 382 1493 429 vel
1513 384 1599 429 Lu-

311 457 416 505 cio:
438 472 530 503 non
551 455 818 502 creditorem
848 466 1063 509 mutares,
1081 454 1152 500 sed
1179 471 1357 500 nomen.
1386 454 1597 517 quoniam

312 529 402 578 five
429 544 701 592 praenomen
718 526 835 582 eius,
859 526 948 573 five
972 543 1135 574 nomen
1157 528 1331 574 dixisses
1346 563 1358 583 ,
1382 528 1472 575 five
1492 543 1600 590 cog-

312 620 510 662 nomen,
543 602 661 649 idem
703 613 848 648 tamen
879 599 950 647 ille
983 600 1101 648 effet.
1142 602 1213 649 Sic
1242 602 1358 649 hunc
1398 614 1596 649 naturam

310 694 474 736 vocas,
503 675 670 734 fatum,
696 674 958 722 fortunam:
987 675 1136 721 omnia
1167 675 1358 723 eiusdem
1389 675 1475 722 Dei
1511 692 1600 723 no-

312 750 434 798 mina
464 748 585 807 sunt,
613 747 736 797 varie
765 747 926 794 utentis
953 745 1027 793 sua
1057 748 1286 810 potestate.
1325 751 1378 794 Et
1405 748 1566 796 iustitia
1584 785 1599 809 ,

311 820 535 886 probitas,
556 820 811 885 prudentia,
832 819 1046 867 fortitudo
1059 855 1072 877 ‚
1089 820 1309 885 frugalitas
1325 859 1337 880 ‚
1357 822 1487 870 unius
1507 823 1600 869 ani-

313 896 376 944 mi
410 896 530 943 bona
561 896 692 943 sunt:
721 893 940 958 quidquid
973 893 1135 940 horum
1170 895 1248 941 tibi
1280 895 1472 958 placuit,
1504 895 1603 944 ani-

311 987 411 1019 mus
442 969 598 1032 placet.

381 1046 463 1092 1X.
492 1044 577 1091 Sed
596 1060 652 1091 ne
672 1043 718 1091 in
738 1044 866 1092 aliam
890 1044 1226 1108 disputationem
1244 1059 1298 1090 ex
1318 1042 1505 1106 obliquo
1524 1046 1603 1092 ab·

313 1136 437 1178 eam,
459 1118 650 1182 plurima
667 1118 879 1167 beneficia
900 1136 949 1168 ac
975 1118 1163 1166 maxima
1183 1118 1226 1165 in
1251 1134 1333 1165 nos
1353 1118 1479 1166 Deus
1497 1135 1604 1167 con-

310 1194 399 1242 fert
427 1193 515 1240 fine
547 1191 621 1256 spe
649 1193 894 1256 recipiendi
921 1212 931 1241 :
973 1194 1186 1258 quoniam
1230 1209 1310 1240 nee
1335 1192 1409 1240 ille
1439 1194 1602 1241 collato

314 1282 438 1333 eget,
464 1284 544 1316 nec
573 1284 656 1315 nos
673 1268 715 1315 ei
743 1268 988 1333 quidquam
1018 1268 1222 1317 conferre
1248 1266 1484 1330 poffumus.
1520 1271 1602 1316 Er·-

315 1358 375 1405 go
404 1340 668 1389 beneficium
695 1357 774 1405 per
801 1341 844 1389 se
871 1342 1114 1405 expetenda
1139 1358 1207 1388 res
1236 1340 1325 1397 est,
1357 1358 1444 1388 una
1473 1341 1600 1404 spec-

315 1425 433 1461 tatur
456 1414 502 1460 in
526 1430 582 1461 eo
601 1413 855 1477 accipientis
882 1414 1043 1462 utilitas
1063 1432 1073 1460 :
1095 1413 1149 1460 ad
1177 1413 1288 1461 hanc
1318 1413 1573 1461 accedamus
1590 1450 1604 1473 ‚

318 1484 513 1548 sepositis
543 1485 795 1533 commodis
823 1486 991 1533 nostris.
1020 1484 1204 1543 Dicitis,
1229 1484 1392 1547 inquit,
1416 1485 1602 1549 diligen-

317 1569 384 1604 ter
397 1557 626 1621 eligendos
646 1557 804 1621 quibus
823 1557 1033 1605 beneficia
1058 1558 1210 1604 demus
1233 1574 1243 1603 t
1265 1555 1367 1620 quia
1385 1573 1464 1605 nec
1483 1558 1600 1622 agri·

320 1632 447 1680 colae
464 1632 642 1696 quidem
664 1632 826 1679 semina
851 1632 989 1679 arenis
1010 1632 1302 1679 committant.
1325 1633 1463 1693 Quod
1482 1633 1512 1679 fi
1533 1650 1603 1680 ve-

317 1721 418 1753 rum
449 1705 535 1765 est,
555 1705 750 1752 nostram
783 1705 1012 1752 utilitatem
1044 1704 1090 1751 in
1118 1704 1340 1752 beneficiis
1365 1705 1515 1752 dandis
1540 1706 1602 1753 se-

318 1780 520 1843 quimur,
545 1780 922 1844 quemadmodum
951 1780 995 1826 in
1021 1779 1188 1826 arando
1212 1779 1500 1842 serendoque.
1526 1796 1604 1826 ne-

320 1870 410 1917 que
438 1853 556 1900 enim
585 1853 754 1909 serere,
786 1870 864 1916 per
888 1852 930 1899 se
948 1869 1016 1899 res
1035 1852 1278 1915 expetenda
1305 1852 1379 1901 est.
1404 1854 1602 1900 Praeter-

318 1941 372 1972 ea
400 1925 634 1989 quaeritis,
672 1925 743 1973 cui
769 1926 876 1972 detis
898 1923 1159 1971 beneficium
1182 1942 1193 1970 ε
1223 1925 1346 1988 quod
1381 1943 1474 1974 non
1501 1926 1603 1973 esset

317 1997 592 2058 faciendum,
611 1999 642 2046 {i
667 2016 745 2062 per
763 1998 804 2046 se
834 1998 1098 2045 beneficium
1127 1999 1254 2056 dare,
1276 2001 1518 2062 expetenda
1538 2017 1604 2048 res

319 2075 438 2121 esset.
477 2075 580 2139 quia
614 2075 734 2122 enim
773 2091 1043 2138 quocunque
1076 2073 1180 2120 loco
1207 2109 1220 2131 ‚
1255 2086 1297 2120 et
1335 2091 1603 2138 quocunque

319 2147 460 2194 modo
490 2149 665 2195 daretur
682 2179 698 2203 ‚
729 2146 990 2195 beneficium
1016 2158 1119 2194 erat.
1150 2146 1394 2194 Honestum
1420 2160 1604 2210 propter

319 2220 480 2266 nullam
505 2218 633 2265 aliam
666 2220 836 2267 causam
853 2255 866 2277 ‚
894 2237 1024 2283 quam
1053 2232 1235 2283 propter
1263 2218 1430 2282 ipsum,
1459 2216 1602 2282 sequi-

320 2300 433 2339 mur.
456 2290 627 2340 Tamen
657 2293 732 2341 etfi
760 2293 866 2341 nihil
891 2294 1007 2341 aliud
1027 2294 1295 2358 sequendum
1316 2291 1408 2348 est,
1429 2289 1602 2354 quaeri-

320 2378 420 2409 mus
439 2365 547 2427 quid
569 2364 799 2421 faciamus,
829 2380 872 2414 et
904 2368 1110 2430 quando,
1128 2378 1171 2414 et
1195 2364 1572 2430 quemadmodum
1592 2379 1603 2409 ε

318 2452 396 2498 per
414 2438 518 2486 haec
540 2440 657 2488 enim
679 2440 859 2489 constat.
881 2445 1030 2506 Itaque
1057 2457 1160 2490 cum
1178 2441 1292 2505 eligo
1317 2438 1388 2487 cui
1407 2438 1508 2486 dem
1528 2436 1605 2483 be·
