1742 2967
405 176 507 233 DE
557 185 758 232 OTIO
810 185 1240 235 sAplENTts.
1377 203 1468 249 117

188 289 442 354 respicimus
459 327 473 350 ‚
493 303 566 338 aut
593 293 648 339 ad
674 293 813 348 illum,
839 291 911 340 sed
937 293 1152 341 terminos
1172 293 1360 341 civitatis
1380 311 1467 341 no-

187 363 296 410 strae
321 381 422 411 cum
438 363 542 426 ,sole
571 365 780 412 metimur
806 383 817 412 z
840 364 1017 412 alteram
1035 401 1048 421 ‚
1080 366 1152 413 cui
1173 381 1256 411 nos
1274 367 1468 429 adscrip-

189 433 238 480 sit
265 435 467 482 conditio
487 436 704 483 nascendi.
747 438 867 484 Haec
895 450 967 483 aut
997 436 1325 483 Atheniensium
1356 439 1470 493 erit,

187 518 263 552 aut
298 506 745 570 Carthaginiensium,
779 521 851 555 aut
886 508 1060 554 alterius
1101 507 1280 554 alicuius
1309 507 1427 554 urbis
1454 526 1467 554 τ

188 595 300 641 quae
325 596 417 625 non
443 580 498 626 ad
521 596 676 628 omnes
695 582 908 644 pertineat
933 580 1163 636 homines,
1193 580 1263 627 sed
1290 581 1344 626 ad
1373 597 1469 627 cer-

189 662 274 698 tos.
323 651 518 711 Quidam
554 653 714 700 eodem
748 667 948 716 tempore
987 653 1162 716 utrique
1205 652 1467 714 reipublicae

191 721 294 768 dant
327 738 507 784 operam
529 760 542 783 ,
575 725 733 772 maiori
763 725 1015 788 minorique
1043 743 1053 771 :
1084 725 1266 788 quidam
1296 737 1469 770 tantum

189 792 355 839 minori
373 812 384 840 :
408 795 586 859 quidam
602 808 766 843 tantum
789 798 960 843 maiori.
980 796 1095 843 Huic
1115 796 1272 850 maiori
1292 795 1470 858 reipub-

188 864 297 913 licae
322 880 366 914 et
390 867 436 914 in
460 870 559 916 otio
585 869 804 918 deservire
830 871 1070 932 possumus.
1092 870 1234 916 immo
1252 886 1364 916 vero
1393 885 1469 916 ne-

188 938 306 998 scio,
326 956 381 986 an
403 941 449 987 in
474 942 573 988 otio
592 942 746 988 melius
765 961 776 988 :
801 955 846 989 ut
867 959 1153 1005 quaeramus,
1179 942 1287 1004 quid
1314 941 1362 988 fit
1379 942 1471 988 vir-

188 1025 284 1070 tus,
315 1030 400 1059 una
429 1014 633 1077 pluresve
664 1014 777 1061 fint?
813 1027 963 1061 natura
992 1032 1048 1061 an
1071 1032 1139 1061 ars
1169 1015 1314 1061 bonos
1346 1014 1471 1062 viros

188 1085 344 1134 faciat?
372 1105 510 1135 unum
535 1089 586 1134 fit
602 1089 712 1146 hoc,
729 1090 852 1152 quod
873 1088 1007 1135 maria
1028 1103 1251 1152 terrasque
1265 1126 1277 1147 ‚
1298 1103 1342 1136 et
1361 1089 1470 1137 mari

189 1176 240 1206 ac
280 1161 406 1208 terris
442 1162 600 1208 inserta
634 1162 975 1224 compleffitur3
1017 1178 1072 1207 an
1103 1163 1236 1207 multa
1274 1162 1470 1209 eiusmo-

189 1234 234 1281 di
254 1250 446 1296 corpora
467 1235 593 1282 Deus
612 1234 809 1297 sparserit
829 1234 846 1280 ἓ
868 1235 1075 1281 continua
1095 1233 1143 1281 fit
1160 1235 1305 1282 omnis
1318 1251 1361 1282 et
1381 1237 1471 1298 pie-

190 1323 245 1353 na
265 1307 443 1354 materia
457 1343 471 1365 ‚
492 1325 548 1354 ex
568 1324 654 1370 qua
672 1307 822 1353 cuncia
843 1306 1078 1369 gignuntur
1096 1343 1109 1365 ,
1127 1324 1182 1353 an
1199 1308 1373 1354 <fiducia
1394 1343 1407 1365 ‚
1429 1319 1473 1355 et

191 1378 340 1426 solidis
362 1379 489 1425 inane
511 1379 779 1442 permixtum
798 1379 846 1426 fit
865 1379 882 1425 ἓ
906 1381 1027 1425 Deus
1052 1379 1203 1426 sedens
1221 1396 1332 1441 opus
1349 1379 1471 1426 suum

189 1453 378 1514 speciet,
398 1469 454 1498 an
473 1451 655 1498 trastet?
681 1466 885 1497 utrumne
912 1451 1176 1497 extrinsecus
1203 1451 1266 1496 illi
1284 1451 1473 1497 circum-

191 1526 306 1572 fusus
330 1525 402 1581 fit,
429 1542 482 1571 an
505 1525 587 1570 toti
605 1523 803 1570 inditus?
836 1523 1097 1569 immortalis
1115 1522 1164 1568 iit
1180 1524 1390 1579 mundus,
1419 1541 1474 1570 an

190 1599 304 1646 inter
322 1598 484 1645 caduca
497 1632 511 1653 ‚
538 1611 582 1643 et
601 1597 654 1642 ad
676 1613 848 1658 tempus
868 1608 985 1651 nata,
1005 1595 1328 1642 numerandus?
1354 1597 1474 1644 Haec

193 1671 270 1735 qui
292 1671 616 1733 contemplatur
630 1705 644 1728 ‚
670 1670 780 1732 quid
807 1671 912 1716 Deo
941 1667 1155 1731 praestat?
1176 1685 1228 1714 ne
1249 1680 1365 1716 tanta
1384 1670 1476 1716 eius

195 1763 333 1809 opera
358 1745 445 1791 fine
470 1744 572 1791 teste
600 1744 692 1790 finr.
725 1743 926 1789 Solemus
952 1743 1125 1798 dicere,
1152 1742 1368 1789 summum
1398 1744 1476 1790 bo·

196 1836 304 1865 num
327 1817 440 1874 effe,
467 1816 705 1865 secundum
732 1830 929 1861 naturam
954 1813 1133 1860 vivere:
1156 1825 1305 1859 natura
1325 1829 1405 1860 nos
1423 1814 1477 1860 ad

197 1904 432 1955 utrumque
456 1888 634 1953 genuit,
659 1899 702 1935 et
726 1885 1094 1949 contemplationi
1124 1901 1302 1943 rerum,
1327 1898 1370 1932 et
1403 1903 1478 1934 ac-

196 1966 322 2012 tioni.

266 2039 463 2086 XXXII.
505 2037 637 2083 Nunc
671 2034 942 2097 probemus,
972 2031 1097 2096 quod
1133 2029 1249 2093 prius
1279 2031 1480 2079 diximus.

200 2112 325 2173 Quid
359 2110 533 2173 porro?
577 2110 666 2155 hoc
695 2124 786 2154 non
816 2107 896 2154 erit
928 2108 1188 2170 probatum,
1217 2104 1247 2150 fi
1275 2104 1316 2151 se
1343 2121 1480 2151 unus-

201 2182 388 2247 quisque
417 2181 715 2236 consuluerit,
739 2191 947 2243 quantam
981 2177 1264 2239 cupiditatem
1295 2177 1482 2232 habeat,

201 2255 354 2317 ignota
379 2252 616 2308 noscendi,
639 2269 770 2315 quam
796 2252 851 2298 ad
870 2266 1026 2297 omnes
1051 2248 1214 2295 fabulas
1232 2248 1444 2295 excitetur
1463 2248 1483 2297 ἓ

204 2327 432 2389 Navigant
465 2325 672 2388 quidam,
713 2337 756 2371 et
789 2323 960 2370 labores
990 2321 1350 2384 peregrinationis
1383 2320 1485 2367 lon-

204 2400 398 2466 giffimae
417 2411 503 2446 una
522 2398 726 2446 mercede
746 2397 1046 2461 perpetiuntur
1061 2431 1076 2452 ,
1092 2394 1390 2457 cognoscendi
1408 2395 1486 2440 ali-

205 2473 315 2538 quid
342 2472 540 2522 abditum
568 2483 890 2535 remotumque.
928 2470 1049 2517 Haec
1076 2468 1228 2578 resHad
1260 2466 1484 2530 speciacw

1170 2574 1173 2576 -
1212 2548 1232 2593 ἶ
