1742 2967
274 160 364 223 ηε
440 148 442 151 ’
535 162 583 209 t.
629 160 914 206 ANNAsst
963 159 1303 204 SENECAE

268 279 438 313 tantum
471 265 663 312 nostram
696 265 1094 313 murmurationem
1123 281 1278 328 putes,
1309 281 1393 328 pro
1425 264 1553 328 peffi-

269 357 347 387 mo
388 356 617 403 pravoque
655 339 1006 395 numerantium,
1055 338 1271 402 quidquid
1305 339 1410 385 citra
1447 338 1553 386 reffl

270 415 507 460 formulam
526 414 695 460 cecidit.
718 416 831 460 Ecce
853 412 999 459 neseio
1017 428 1128 475 quae
1142 448 1156 469 ‚
1175 429 1265 458 non
1289 429 1340 458 ex
1361 412 1552 474 philoso-

269 487 459 549 phorum
481 488 622 534 domo
640 487 779 541 clam,
793 486 863 533 sed
878 502 930 532 ex
949 485 1098 531 medio
1119 497 1344 532 conventu
1360 484 1551 548 populos

269 572 509 624 gentesque
538 560 794 606 damnatura
823 574 916 605 vox
944 556 1158 614 mittitur,

519 679 620 723 Non
645 677 783 737 hospes
802 678 853 720 ab
871 676 1022 736 hospite
1045 690 1160 720 tutus
1175 708 1188 731 ‚

333 751 436 795 Non
452 750 570 809 βεεν
589 769 615 794 a
638 767 791 810 genero.
813 748 998 807 fratrum
1017 764 1170 808 quoque
1195 746 1335 807 gracia
1366 763 1457 792 rara
1476 747 1550 812 ss:

338 824 538 870 Imminet
570 822 702 867 exitio
730 823 796 867 vir
826 821 1039 881 coniugis,
1072 820 1148 863 illa
1175 819 1326 863 mariti.

273 931 376 977 Hoc
397 929 480 976 iam
512 929 695 992 amplius
722 928 794 974 est.
822 925 1031 973 beneficia
1053 925 1098 972 in
1117 924 1251 972 scelus
1274 924 1396 971 versa
1422 923 1550 972 sunt:

264 1014 310 1049 et
331 1002 525 1064 sanguini
554 1017 712 1046 eorum
742 1016 831 1045 non
858 998 1052 1061 parcitur
1067 1033 1078 1053 ,
1101 1015 1184 1059 pro
1205 997 1362 1060 quibus
1387 997 1552 1061 sanguis

264 1075 510 1122 fundendus
530 1073 604 1120 est.
625 1072 787 1120 Gladio
807 1089 856 1119 ac
874 1071 1054 1118 venenis
1072 1069 1283 1117 beneficia
1302 1071 1550 1134 sequimur:

265 1147 345 1212 ipfi
372 1147 532 1211 patriae
550 1163 706 1193 manus
732 1145 915 1203 afferre,
942 1157 985 1191 et
1001 1143 1184 1191 fascibus
1203 1142 1286 1189 {uis
1314 1143 1429 1189 illam
1449 1158 1552 1206 pre-

266 1239 414 1279 mere,
435 1220 631 1283 potentia
652 1235 704 1266 ac
733 1219 919 1282 dignitas
944 1217 1017 1264 est.
1048 1217 1216 1263 Humili
1236 1217 1276 1262 se
1303 1233 1352 1264 ac
1371 1214 1557 1278 depres-''

269 1294 318 1341 so
344 1293 450 1340 loco
483 1302 606 1354 putat
638 1290 744 1337 stare
763 1326 775 1348 ‚
807 1290 1001 1353 quisquis
1030 1306 1120 1335 non
1152 1288 1276 1350 supra
1311 1286 1552 1351 rempubli-

268 1386 365 1417 cam
394 1367 519 1414 stetit.
561 1366 744 1428 Accepti
771 1367 825 1412 ab
849 1364 918 1412 illa
946 1364 1161 1412 exercitus
1193 1364 1237 1409 in
1270 1362 1407 1426 ipsam
1437 1379 1549 1409 con-

269 1454 505 1491 vertuntur
523 1476 536 1497 ‚
561 1453 604 1487 et
630 1438 910 1502 imperatoria
937 1439 1099 1485 concio
1127 1436 1200 1483 est.
1225 1438 1418 1500 Pugnate
1440 1453 1554 1483 con-

268 1525 334 1560 tra
355 1512 564 1575 coniuges
581 1547 593 1567 ‚
624 1524 813 1574 pugnate
834 1522 988 1556 contra
1013 1510 1174 1556 liberos
1193 1525 1204 1554 :
1232 1524 1324 1554 aras
1342 1544 1356 1562 .,
1389 1507 1517 1555 focos
1534 1543 1549 1566 ,

269 1597 472 1647 penates,
510 1582 640 1629 armis
666 1581 873 1629 inceffite.
899 1582 992 1642 Qui
1024 1597 1078 1627 ne
1110 1578 1421 1642 triumphaturi
1450 1581 1550 1643 qui-

273 1659 376 1707 dem
392 1659 550 1704 intrare
576 1656 729 1703 urbem
749 1655 907 1702 iniussu
925 1656 1089 1702 senatus
1107 1654 1343 1712 deberetis,
1369 1653 1552 1718 quibus-

269 1749 357 1797 que
393 1730 635 1779 exercitum
671 1730 888 1777 vi&orem
924 1728 1234 1775 reducentibus
1276 1726 1394 1775 curia
1430 1740 1551 1773 extra

270 1822 424 1853 muros
453 1803 732 1867 praeberetur
750 1819 761 1849 ε
779 1818 896 1848 nunc
913 1801 1084 1848 civibus
1108 1799 1234 1848 caefis
1247 1835 1261 1858 ‚
1277 1797 1436 1862 perfusi
1454 1817 1552 1846 cru-

270 1893 348 1925 ore
377 1891 595 1940 cognat0‚
628 1876 780 1922 urbem
810 1872 1013 1921 subreffls
1037 1872 1190 1918 intrate
1220 1870 1406 1918 vexillis.
1451 1872 1550 1917 Ob-

270 1949 480 1997 mutescat
506 1949 618 1996 inter
641 1946 841 1994 militaria
877 1946 993 2009 signa
1013 1945 1209 1992 libertas:
1237 1955 1280 1991 et
1306 1944 1378 1990 ille
1405 1943 1550 1992 viftor

271 2037 538 2085 pacatorque
564 2019 758 2083 gentium
789 2019 1005 2080 populus,
1023 2016 1203 2064 remotis
1232 2017 1383 2079 procul
1410 2017 1548 2076 bellis,

269 2094 395 2141 omni
414 2107 584 2142 terrore
604 2091 873 2155 compresso,
889 2091 1006 2138 intra
1025 2106 1174 2138 mutos
1191 2089 1404 2150 obsessus,
1424 2090 1547 2154 aqui-

276 2168 337 2214 las
356 2167 447 2214 suas
475 2167 664 2212 horreat.

336 2242 460 2287 XVI.
496 2243 689 2303 Ingratus
721 2238 782 2285 est
807 2237 1103 2286 Coriolanus:
1133 2236 1231 2284 sero
1261 2248 1306 2282 et
1333 2233 1430 2297 post
1453 2233 1544 2281 sce-

267 2313 370 2368 leris
397 2312 708 2375 poenitentiam
741 2312 852 2374 pius.
877 2309 1022 2374 posuit
1050 2324 1196 2365 arma,
1225 2305 1298 2353 sed
1323 2305 1367 2351 in
1397 2305 1545 2352 medio

271 2385 507 2448 parricidio
525 2384 679 2447 posuit.
704 2386 898 2448 ingratus
919 2381 1108 2429 Catilina
1125 2398 1136 2426 :
1153 2395 1304 2442 parum
1321 2377 1381 2424 est
1398 2378 1456 2423 illi
1475 2394 1546 2423 ca-

272 2474 377 2522 pere
403 2458 585 2521 patriam
604 2493 619 2515 ,
650 2457 726 2504 nisi
758 2456 990 2513 everterit,
1019 2452 1096 2501 nisi
1119 2452 1412 2515 Allobrogum
1430 2449 1474 2496 in
1495 2449 1548 2497 il·
