1742 2967
329 207 388 255 80
585 204 633 251 L.
679 204 970 250 ANNAEI
1021 205 1374 252 SENECAE

325 322 544 376 praetexta
567 327 758 374 corpora
783 311 906 369 sunt,
938 310 1162 375 adspicio:
1189 313 1326 361 oculis
1345 314 1399 360 de
1417 313 1598 363 homine

325 406 416 435 non
445 388 594 435 credo.
619 388 759 433 habeo
793 386 947 432 melius
976 386 1220 450 certiusque
1251 388 1424 445 lumen,
1451 406 1544 452 quo
1571 406 1596 436 a

323 460 433 507 falfis
461 476 567 506 vera
595 457 844 505 diiudicem.
877 459 1024 504 Animi
1043 459 1242 517 bonum,
1273 460 1441 507 animus
1467 460 1597 510 inve·v

324 534 424 582 niat.
442 533 550 589 Hie,
570 531 599 577 si
617 547 806 594 unquam
824 530 884 576 illi
902 530 1111 592 respirare
1126 544 1168 577 et
1179 533 1383 580 recedere
1399 533 1443 578 in
1462 533 1503 579 se
1520 550 1598 580 va-

324 608 491 655 caverit
506 642 520 664 ,
541 622 571 651 o
589 621 722 668 quam
742 605 818 650 fibi
848 603 936 666 ipse
956 619 1113 650 verum
1129 639 1143 662 ,
1163 617 1303 651 tortus
1319 623 1343 651 a
1359 607 1428 662 se,
1444 603 1595 652 fatebi-

323 694 415 736 tur,
446 696 497 726 ae
525 678 670 725 dicet:
697 676 930 739 Quidquid
960 674 1044 723 feci
1075 676 1242 730 adhuc,
1274 676 1481 724 infestum
1512 677 1599 725 effe

324 754 495 803 mallem
521 770 533 799 :
563 750 775 815 quidquid
799 749 889 795 dixi
906 783 920 806 ,
947 765 1048 795 cum
1069 748 1270 811 recogito
1286 779 1300 802 ‚
1322 748 1452 795 mutis
1474 747 1597 805 >invi-

323 827 409 873 deo
437 842 447 871 :
479 822 695 888 quidquid
726 821 914 884 optavi,
957 822 1237 868 inimicorum
1270 820 1597 879 execrationem

323 911 433 963 puto
452 916 464 944 ε
484 896 696 961 quidquid
721 894 876 949 timui,
898 894 957 941 dii
978 894 1113 951 boni,
1135 907 1299 955 quanto
1326 892 1464 939 levius
1483 891 1567 938 fuit
1583 927 1600 951 ‚

323 988 456 1036 quam
474 971 596 1034 quod
623 967 861 1030 concupivi
880 968 897 1014 ?
917 968 1030 1014 Cum
1050 968 1194 1014 multis
1208 966 1451 1014 inimicitias
1472 965 1602 1029 geffi,

323 1060 368 1092 et
385 1044 428 1090 in
449 1042 627 1107 gratiam
644 1058 698 1088 ex
719 1039 828 1086 odio
849 1039 869 1103 (
889 1039 918 1085 st
937 1041 1074 1086 modo
1097 1040 1183 1086 ulla
1211 1040 1321 1086 inter
1341 1040 1479 1086 malos
1502 1056 1602 1101 gra-

322 1119 383 1166 tia
400 1115 494 1180 est)
521 1115 658 1161 redii:
687 1114 794 1159 mihi
824 1113 903 1175 ipfi
929 1113 1128 1158 nondum
1157 1112 1323 1159 amicus
1352 1112 1460 1158 sum.
1484 1114 1600 1158 Om-

324 1205 424 1237 nem
446 1204 627 1250 operam
657 1186 787 1239 dedi,
819 1197 867 1231 ut
897 1201 967 1231 me
985 1184 1250 1231 multitudini
1278 1185 1508 1231 educerem
1524 1220 1539 1240 ,
1559 1195 1600 1230 et

323 1261 463 1325 aliqua
483 1261 588 1306 dote
607 1258 842 1304 notabilem
862 1256 1075 1304 facerem:
1096 1257 1204 1319 quid
1222 1257 1336 1303 aliud
1355 1273 1483 1319 quam
1503 1256 1602 1312 telis

323 1352 393 1382 me
413 1334 598 1397 opposui
616 1366 630 1388 ‚
654 1346 696 1379 et
713 1331 1045 1378 malevolentiae
1071 1331 1192 1394 quod
1219 1331 1440 1376 morderet
1455 1329 1599 1376 osten-

323 1409 402 1456 di?
431 1408 566 1454 Vides
585 1405 716 1461 istos,
745 1403 820 1467 qui
846 1403 1140 1466 eloquentiam
1169 1404 1370 1460 laudant,
1390 1403 1464 1466 qui
1491 1419 1600 1465 opes

323 1483 557 1545 sequuntur
571 1515 585 1537 ,
609 1479 683 1542 qui
706 1476 863 1541 gratiae
884 1477 1110 1523 adulantur
1125 1512 1139 1534 ,
1168 1476 1243 1540 qui
1262 1475 1503 1538 potentiam
1522 1492 1599 1522 ex-

322 1553 514 1602 tollunt?
537 1564 690 1599 omnes
707 1563 782 1598 aut
801 1550 895 1596 sunt
910 1551 1083 1607 hostes,
1104 1563 1177 1597 aut
1203 1548 1359 1613 (quod
1387 1549 1432 1596 in
1456 1565 1600 1612 aequo

324 1627 421 1693 est)
452 1627 538 1674 effe
573 1625 764 1688 poffunt.
800 1626 946 1685 Quam
980 1639 1162 1687 magnus
1197 1623 1480 1682 mirantium,
1509 1634 1599 1669 tam

323 1718 503 1767 magnus
521 1700 734 1748 invidenti
723 1717 811 1746 um
843 1698 1030 1762 populus
1052 1697 1126 1745 est.

389 1779 459 1822 111.
481 1774 601 1834 Quin
625 1772 771 1836 potius
792 1787 955 1835 quaero
976 1770 1139 1834 aliquid
1158 1769 1234 1815 usu
1257 1769 1447 1824 bonum,
1476 1738 1601 1830 quod

324 1849 534 1905 sentiam,
554 1863 645 1892 non
670 1846 793 1908 quod
821 1843 1058 1891 ostendam
1092 1843 1168 1889 ista
1187 1859 1298 1905 quae
1328 1843 1597 1905 spectantur,

325 1922 382 1967 ad
402 1936 511 1984 quae
533 1917 800 1975 consistitur,
831 1934 941 1980 quae
974 1919 1079 1963 alter
1111 1916 1230 1962 alteri
1266 1914 1438 1977 stupens
1468 1930 1598 1961 mon-

326 1993 450 2051 strat,
471 1992 580 2039 foris
596 1991 760 2048 nitent,
790 1989 996 2036 introrsus
1016 1989 1165 2035 misera
1185 1988 1290 2034 sunt.
1329 1988 1601 2047 Quaeramus

326 2056 490 2129 aliquid
520 2082 613 2112 non
634 2064 678 2110 in
703 2064 890 2126 speciem
917 2064 1082 2110 bonum
1099 2099 1112 2119 ,
1141 2063 1214 2110 sed
1239 2060 1422 2107 solidum
1451 2073 1494 2107 et
1523 2076 1600 2107 ae-

326 2138 523 2204 quabile,
553 2150 598 2185 et
624 2156 647 2184 a
671 2137 903 2185 secretiore
926 2150 1052 2199 parte
1072 2134 1318 2182 formofius.
1343 2135 1445 2180 Hoc
1474 2149 1600 2180 erua-

328 2230 438 2261 mus.
459 2229 538 2259 nec
556 2212 685 2275 longe
705 2211 890 2274 politum
909 2210 989 2255 est:
1012 2209 1258 2256 invenietur
1276 2227 1287 2255 :
1308 2208 1413 2255 scire
1432 2219 1598 2254 tantum

328 2303 441 2348 opus
459 2284 541 2340 est,
564 2300 655 2347 quo
681 2300 859 2329 manum
885 2283 1091 2345 porrigas.
1112 2282 1243 2328 Nunc
1269 2282 1389 2329 velut
1406 2280 1451 2326 in
1473 2291 1597 2326 tene-

328 2359 418 2405 bris
437 2358 582 2405 vicina
601 2356 854 2414 mamimus,
879 2355 1135 2402 offtnsantes
1159 2354 1332 2417 igi-ipsa,
1360 2368 1470 2416 quae
1487 2351 1598 2399 defi-

329 2429 544 2476 deramus.
568 2429 651 2475 Sed
684 2444 735 2474 ne
768 2440 810 2474 te
839 2445 915 2490 per
947 2427 1154 2474 circuitus
1183 2428 1377 2482 traham,
1410 2424 1594 2470 aliorum

329 2499 507 2563 quidem
524 2500 757 2564 opiniones
773 2501 1017 2564 praeteribo
1034 2516 1158 2547 :nam
1174 2512 1218 2548 et
1234 2513 1487 2547 enumerare
1504 2494 1596 2544 illas
