1742 2967
431 172 565 233 'DE
617 187 813 233 v1TA
863 186 1131 232 BEATA.
1366 202 1421 251 91

170 288 286 337 ciosa
310 288 381 346 fit,
400 289 500 353 quia
524 290 700 336 honesta
734 301 960 351 praecepta
983 289 1092 335 intra
1120 288 1250 336 latent
1270 306 1281 335 ε
1307 290 1429 352 quod

169 363 436 424 corrumpit,
457 376 644 423 apparet.
675 365 722 408 In
742 380 789 408 ea
809 364 984 425 quidem
1011 363 1097 423 ipse
1116 363 1317 409 sententia
1335 364 1427 409 sum

170 434 349 494 (invitis
374 435 459 480 hoc
486 436 639 480 nostris
665 434 942 496 popularibus
967 435 1140 495 dicam)
1163 434 1298 480 fausta
1323 435 1431 495 Epi-

168 523 318 553 curum
339 520 382 554 et
402 507 512 552 tedia
536 509 782 569 praecipere
797 542 811 565 ‚
835 522 878 553 et
895 543 908 564 ‚
927 508 955 552 fi
986 508 1164 570 propius
1189 506 1433 564 accesseris,

168 578 325 627 tristia:
350 581 549 643 voluptas
575 582 686 626 euin.
718 582 785 627 ill?⁴
815 582 867 626 ad
897 599 1078 643 parvum
1102 595 1145 627 et
1167 581 1279 628 exile
1297 597 1433 627 revo-

170 664 318 698 catur:
339 665 381 699 et
398 669 526 717 quam
550 654 633 699 'nos
662 654 815 700 virtuti
840 654 978 715 legem
1000 654 1181 700 dicimus
1196 690 1208 710 ‚
1236 669 1330 698 eam
1361 652 1432 698 ille

171 725 278 771 dicit
307 726 535 787 voluptati.
570 727 690 772 lubet
715 726 828 770 illam
862 743 1011 788 parere
1048 738 1237 772 naturae.
1282 742 1434 787 parum

169 798 231 844 est
256 814 398 844 aurem
415 798 633 852 luxuriae,
653 799 773 860 quod
796 812 969 844 naturae
1001 797 1094 844 satis
1117 797 1188 844 est.
1220 798 1339 857 Quid
1363 814 1431 842 er-

170 885 231 930 go
257 869 349 915 est?
381 870 449 916 ille
468 870 660 933 quisquis
686 869 942 915 desidiosum
972 871 1110 915 otium
1130 902 1143 925 ,
1174 884 1216 916 et
1245 869 1363 932 gulae
1382 885 1432 915 ac

171 942 360 988 libidinis
380 943 498 989 vices
528 942 778 988 felicitatem
811 954 971 998 vocat,
1004 943 1171 988 bonum
1202 942 1336 987 malae
1370 941 1434 986 rei

170 1014 338 1076 quaerit
355 1017 573 1062 auidiorem
591 1033 601 1060 ε
628 1028 670 1060 et
691 1016 795 1060 dum
814 1015 889 1060 illo
906 1015 1025 1061 venit
1039 1049 1052 1070 ‚
1074 1016 1233 1061 blando
1255 1013 1433 1059 nomine
1502 1050 1505 1053 Α

171 1085 392 1144 inductus,
412 1087 602 1149 sequitur
620 1088 890 1146 voluptatem
906 1121 918 1143 ‚
938 1104 1027 1132 non
1050 1104 1177 1148 quam
1198 1086 1338 1140 audit,
1360 1083 1433 1130 sed

172 1173 303 1218 quam
328 1158 497 1203 attulit:
523 1171 565 1203 et
586 1158 693 1203 vitia
725 1157 795 1203 sua
825 1174 922 1203 cum
941 1159 1087 1219 coepit
1114 1170 1262 1220 putare
1283 1156 1433 1203 similia

173 1229 443 1291 praecepti55
474 1230 670 1292 indulget
699 1230 800 1286 illis,
818 1246 909 1274 non
934 1231 1083 1275 timide
1115 1245 1195 1275 nec
1219 1228 1399 1274 obscure
1420 1243 1435 1272 ε

171 1300 412 1347 luxuriatur
439 1303 567 1348 etiam
594 1302 800 1364 inoperto
823 1301 978 1362 capite.
1013 1304 1160 1363 Itaque
1190 1316 1279 1345 non
1300 1300 1435 1354 dico,

167 1372 292 1433 quod
312 1372 506 1436 plerique
521 1373 783 1429 nostrorum,
805 1372 954 1418 seelam
975 1373 1149 1434 Epicuri
1169 1371 1434 1434 flagitiorum

172 1443 417 1506 magistram
443 1443 528 1490 effe
551 1462 561 1490 :
587 1443 657 1489 sed
684 1444 786 1488 illud
821 1442 942 1501 dico,
971 1444 1078 1488 male
1097 1443 1239 1495 audit,
1261 1440 1436 1487 infamis

172 1514 260 1561 est:
283 1531 326 1561 et
343 1516 581 1562 immeritO.
616 1517 716 1561 Hoc
735 1515 843 1561 scire
859 1514 952 1577 quis
974 1513 1112 1576 potest
1129 1548 1140 1570 ‚
1163 1513 1238 1558 nisi
1255 1512 1436 1558 interius

174 1587 405 1634 admiffus?
434 1587 556 1634 frons
593 1587 682 1649 ipsa
714 1588 784 1633 dat
800 1587 946 1633 locum
968 1586 1134 1632 fabulae
1152 1621 1165 1642 ,
1196 1599 1239 1630 et
1268 1584 1320 1630 ad
1340 1599 1436 1628 ma-

172 1660 257 1705 lam
285 1659 402 1720 spem
424 1658 590 1707 invitat.
618 1659 718 1703 Hoc
735 1659 817 1703 tale
841 1658 928 1715 est,
959 1658 1082 1720 quale
1108 1656 1178 1703 vir
1197 1654 1323 1701 fortis
1348 1653 1437 1700 sto-

174 1732 259 1777 lam
283 1730 470 1776 indutus.
508 1728 747 1775 Constante
779 1729 858 1775 tibi
886 1727 1120 1790 pudicitia,
1146 1727 1287 1772 virtus
1318 1724 1436 1770 salva

174 1801 263 1849 est:
286 1801 391 1847 nulli
417 1818 587 1863 corpus¹
603 1812 723 1845 tuum
752 1800 983 1860 parientiae
1002 1813 1128 1846 vacat
1143 1834 1157 1855 ,
1182 1798 1253 1844 sed
1279 1797 1323 1841 in
1346 1811 1437 1840 ma-

175 1892 235 1922 nu
260 1886 517 1937 tympanum
543 1871 619 1918 est.
643 1871 820 1933 Titulus
843 1871 985 1933 itaque
1010 1869 1212 1916 honestus
1235 1869 1438 1931 eligatur,

174 1959 217 1994 et
236 1946 458 2007 inscriptio
485 1945 573 2007 ipsa
603 1944 767 1991 exitaus
797 1943 990 1988 animum
1013 1943 1067 1988 ad
1089 1960 1138 1988 ea
1169 1941 1440 2003 repellenda,

175 2033 286 2079 quae
310 2015 444 2062 statim
467 2027 703 2072 enervant,
725 2031 823 2060 cum
845 2012 1070 2069 venerint,
1087 2012 1205 2058 vitia.
1230 2009 1438 2071 Quisquis

173 2090 228 2135 ad
259 2089 468 2134 virtutem
489 2088 678 2142 acceffit,
711 2087 829 2133 dedit
857 2085 1088 2148 generosae
1112 2084 1271 2130 indolis
1305 2083 1438 2144 spem.

174 2160 251 2222 qui
277 2160 545 2222 voluptatem
575 2161 791 2223 sequitur,
821 2159 994 2204 videtur
1019 2159 1190 2204 enervis
1211 2194 1224 2214 ‚
1252 2156 1406 2201 fraenis
1422 2190 1436 2212 ‚

175 2232 435 2294 degenerans
449 2249 472 2278 a
489 2231 589 2279 viro
603 2268 615 2289 ‚
630 2245 921 2294 perventurus
935 2231 978 2277 in
996 2231 1136 2292 turpia
1160 2249 1170 2276 ;
1190 2230 1266 2275 nisi
1286 2229 1437 2290 aliquis

176 2304 415 2350 distinxerit
439 2305 495 2349 illi
522 2305 792 2366 voluptates,
820 2315 866 2349 ut
889 2299 1011 2359 sciat,
1031 2320 1139 2366 quae
1164 2319 1216 2348 ex
1237 2303 1297 2349 eis
1329 2302 1437 2348 intra

177 2378 368 2423 naturale
392 2376 645 2422 desiderium
670 2377 810 2422 sistant
826 2411 839 2433 ,
870 2394 978 2439 quae
1001 2377 1044 2421 in
1065 2392 1268 2439 praeceps
1292 2374 1439 2421 feran-

175 2459 266 2508 tur,
297 2447 573 2512 infinitaeque
601 2448 710 2508 sint,
736 2461 777 2496 et
802 2466 892 2512 quo
927 2448 1060 2512 magis
1091 2447 1350 2511 implentur,
1382 2462 1438 2493 eo
