1742 2967
327 206 388 267 84
572 208 620 254 L.
673 205 961 253 ANNAEI
1004 206 1359 255 SENECAE

325 313 467 361 sensus
488 312 625 361 solent
643 331 654 360 z
675 312 830 360 deinde
849 313 1075 376 praeterita
1095 313 1318 378 respiciat,
1338 329 1381 361 et
1397 313 1593 362 exoletaa

323 402 421 432 rum
446 387 722 449 voluptatum
749 402 922 432 memor
950 385 1131 433 exsultet
1151 387 1389 448 prioribus,
1419 386 1593 434 futuris·

322 475 408 522 que
425 459 508 505 iam
526 459 774 517 immineat,
791 475 841 506 ac
860 457 955 522 spes
969 460 1140 506 ordinet
1161 459 1281 514 suas,
1302 473 1345 507 et
1365 460 1465 505 dum
1486 476 1592 506 cor-

321 547 402 594 pus
424 531 469 577 in
490 530 698 593 praesenti
722 529 869 594 sagina
892 531 1028 587 iacet,
1056 530 1341 593 cogitationes
1365 531 1419 576 ad
1448 529 1590 576 futura

322 604 583 667 praemittat.
601 604 689 651 hoc
708 603 814 650 mihi
833 602 1010 651 videtur
1032 602 1255 661 miserior,
1274 603 1483 666 quoniam
1499 619 1591 650 ma-

321 677 359 722 la
384 693 468 738 pro
491 675 617 723 bonis
642 675 785 739 legere
801 710 815 733 ,
842 675 1058 722 dementia
1078 675 1151 721 est.
1176 676 1271 722 Nec
1299 676 1385 721 fine
1414 675 1589 722 sanitate

321 746 549 810 quisquam
571 747 719 792 beatus
738 745 825 792 est:
846 763 926 792 nec
943 746 1088 803 sanus,
1108 745 1178 792 cui
1196 744 1389 791 offutura
1407 762 1489 806 pro
1506 762 1588 808 op·
1612 777 1615 780 -

320 819 437 866 timis
457 832 732 882 appetuntur.
752 821 905 866 Beatus
925 818 985 865 est
1005 835 1112 882 ergo
1138 818 1289 865 iudicii
1309 819 1447 865 reE'tus
1462 837 1471 863 :
1487 819 1587 865 bea-

319 904 388 939 tus
413 892 473 938 est
492 892 781 954 praesentibus
796 924 810 948 ‚
839 891 1156 955 qualiacunque
1176 891 1273 938 sunt
1287 926 1300 948 ,
1328 903 1555 938 contentus
1572 927 1587 949 ‚

319 964 573 1026 amicusque
597 965 724 1011 rebus
755 965 870 1012 suis:
891 964 1041 1010 beatus
1062 963 1124 1021 is,
1155 963 1226 1010 cui
1250 979 1427 1009 omnem
1460 964 1586 1009 habi-

318 1049 410 1088 tum
435 1055 582 1083 rerum
604 1037 776 1084 suarum
802 1038 915 1084 ratio
942 1037 1237 1084 commendat.
1257 1037 1420 1083 Vident
1438 1049 1479 1084 et
1497 1038 1556 1084 illi
1572 1073 1588 1095 ,

316 1112 394 1175 qui
427 1112 643 1158 summum
675 1113 842 1159 bonum
877 1108 1149 1172 voluptatem
1186 1110 1419 1165 dixerunt,
1453 1127 1585 1171 quam

317 1183 435 1245 turpi
461 1183 566 1228 illud
590 1183 698 1230 loco
720 1183 954 1246 posuerint.
984 1184 1131 1245 Itaque
1160 1193 1319 1244 negant
1343 1181 1464 1243 poste
1495 1199 1584 1229 vo·

316 1255 523 1317 luptatem
554 1272 578 1300 a
612 1255 776 1302 virtute
813 1255 958 1302 diduci
983 1289 996 1312 ,
1031 1266 1074 1300 et
1109 1253 1259 1309 aiunt,
1292 1270 1371 1300 nec
1406 1254 1584 1302 honeste

315 1344 581 1391 quemquam
603 1328 786 1386 vivere,
812 1343 859 1374 ut
885 1343 975 1373 non
1004 1326 1192 1372 iucunde
1222 1327 1372 1381 vivam
1401 1342 1481 1373 nec
1512 1327 1581 1373 iu—

315 1401 480 1456 cunde,
508 1412 556 1446 ut
586 1416 679 1445 non
710 1399 887 1446 honeste
918 1415 1107 1462 quoque.
1139 1400 1244 1444 Non
1276 1397 1436 1455 video,
1469 1416 1581 1462 quo-

314 1474 453 1519 modo
477 1473 553 1519 ista
573 1471 741 1520 diversa
768 1472 812 1518 in
833 1473 1014 1518 eandem
1050 1470 1251 1532 copulam
1281 1469 1580 1519 conficiantur.

313 1546 439 1606 Quid
470 1545 528 1592 est
550 1581 561 1601 ‚
585 1562 668 1591 oro
690 1561 798 1599 vos,
829 1561 907 1590 cur
925 1543 1108 1606 separari
1131 1543 1333 1605 voluptas
1363 1559 1386 1587 a
1417 1545 1580 1590 virtute

314 1634 404 1664 non
432 1617 590 1680 poffit?
622 1617 851 1674 videlicet,
879 1617 1000 1678 quod
1031 1632 1164 1661 omne
1197 1615 1302 1660 boni
1331 1631 1386 1661 ex
1416 1615 1579 1662 virtute

312 1691 573 1753 principium
589 1689 661 1736 est.
684 1707 738 1737 ex
756 1690 908 1736 huius
907 1689 1112 1736 adicibus
1130 1688 1258 1734 etiam
1276 1704 1323 1733 ea
1335 1719 1348 1743 ,
1366 1704 1474 1751 quae
1493 1707 1519 1736 x
1525 1706 1584 1739 os,

312 1777 356 1810 et
373 1781 440 1809 am
446 1763 523 1810 atis
543 1778 585 1810 et
605 1762 830 1824 expetitis,
849 1762 1064 1808 oriuntur.
1092 1761 1175 1808 Sed
1203 1761 1234 1806 fi
1259 1760 1333 1807 ista
1352 1761 1578 1832 indiscreta

311 1835 396 1880 effe
374 1847 473 1891 nt,
505 1850 595 1879 non
627 1834 876 1882 videremus
901 1834 1111 1896 quaedam
1139 1832 1353 1890 iucunda,
1383 1831 1455 1878 sed
1482 1850 1574 1878 non

310 1905 517 1952 honesta:
539 1906 751 1968 quaedam
770 1922 882 1970 veto
901 1904 1216 1963 honestissima,
1235 1903 1307 1951 sed
1327 1904 1501 1968 aspera,
1529 1919 1575 1952 et

309 1997 386 2043 per
408 1981 585 2026 dolores
604 1980 826 2043 exigenda.

376 2056 469 2098 VH.
496 2055 648 2100 Adiice
674 2070 816 2111 nunc,
837 2052 957 2117 quod
979 2051 1180 2113 voluptas
1202 2051 1330 2098 etiam
1351 2051 1407 2098 ad
1435 2050 1573 2097 vitam

306 2127 590 2189 turpissimam
609 2127 758 2174 venit:
794 2143 837 2173 at
863 2127 1002 2174 virtus
1032 2125 1187 2171 malam
1205 2125 1342 2172 vitam
1375 2142 1466 2171 non
1495 2127 1572 2171 ad·

305 2201 455 2247 mittit.
476 2214 518 2247 et
533 2200 726 2247 infelices
742 2200 919 2263 quidam
938 2217 1029 2246 non
1049 2199 1136 2246 fine
1153 2200 1406 2262 voluptate,
1430 2199 1572 2246 immo

304 2273 364 2317 ob
382 2272 513 2334 ipsam
533 2274 801 2334 voluptatem
820 2272 936 2318 sunt:
953 2272 1075 2334 quod
1087 2288 1178 2318 non
1195 2271 1391 2319 eveniret
1403 2305 1416 2328 ,
1434 2271 1463 2316 fi
1479 2271 1570 2315 vir-

303 2345 388 2390 tuti
418 2346 458 2390 se
487 2345 690 2407 voluptas
713 2344 1042 2402 immiscuisset,
1066 2361 1151 2408 qua
1178 2345 1316 2392 virtus
1345 2344 1466 2405 saepe
1494 2359 1569 2388 ca·-

303 2427 391 2469 ret‚
413 2433 632 2478 nunquam
650 2416 830 2479 indiget.
845 2416 965 2476 Quid
984 2415 1199 2462 diffimilia
1213 2451 1227 2472 ‚
1243 2417 1383 2462 immo
1401 2414 1569 2461 diversa

300 2487 765 2550 componitiSFAltum
797 2489 1003 2553 quiddam
1032 2487 1094 2536 est
1125 2487 1289 2546 virtus,
1319 2484 1532 2535 excelsum
1551 2515 1566 2540 ,
