1742 2967
292 192 350 257 38
517 192 925 242 LANNAE1
983 193 1345 241 SENECAE

287 298 439 361 gendis
457 300 624 361 poenis.
644 302 726 347 Sed
753 301 930 363 quidam
952 316 1042 346 non
1061 300 1242 365 exigunt
1263 317 1450 363 poenas,
1471 318 1569 348 cru·

288 371 404 417 deles
436 387 578 418 tamen
610 372 706 419 sunt
742 391 752 419 :
781 388 1014 436 tanquam,
1046 374 1124 435 qui
1156 374 1331 437 ignotos
1369 374 1572 422 homines

287 455 331 489 et
355 444 518 490 obvios
548 461 637 490 non
667 445 711 490 in
740 447 1055 508 compendium
1073 482 1086 504 ‚
1119 446 1191 494 sed
1211 446 1444 494 occidendi
1465 464 1572 494 cau-

288 516 330 563 sa
358 518 580 564 occidunt.
615 519 710 565 Nec
734 518 981 566 interficere
1008 520 1230 577 contenti,
1265 520 1489 576 saeviunt3
1520 536 1571 568 ut

288 587 401 634 Sinis
429 589 496 634 ille
519 604 562 635 et
589 590 865 649 Procrustes,
890 606 932 637 et
958 592 1149 655 piratae,
1181 592 1255 654 qui
1290 607 1441 655 captos
1466 608 1571 639 ver-

288 662 462 719 berant,
489 677 531 709 et
551 664 595 709 in
612 665 757 727 ignem
776 664 908 713 vivos
926 667 1171 729 imponunt.
1199 666 1317 712 Haec
1340 666 1569 713 crudelitas

288 735 469 795 quidem
497 754 507 780 :
530 738 600 784 sed
628 738 732 799 quia
759 756 840 786 nec
858 740 1071 787 ultionem
1097 738 1294 802 sequitur
1315 737 1430 802 (non
1450 739 1570 803 enim

287 807 394 851 laesa
421 807 514 871 est)
538 826 618 855 nec
646 821 829 871 peccato
850 812 976 859 alicui
1003 812 1202 859 irascitur
1232 810 1422 873 (nullum
1450 810 1569 858 enim

288 881 505 927 antecellit
535 881 725 945 crimen)
757 897 878 930 extra
910 884 1155 931 finitionem
1189 884 1381 931 nostram
1416 884 1568 932 cadit:

288 970 402 1016 quae
429 953 572 1001 finitio
607 955 861 1003 continebat
895 957 938 1003 in
969 957 1192 1021 exigendis
1227 956 1381 1019 poenis
1410 957 1573 1004 intem-

288 1029 530 1089 perantiam
563 1029 710 1075 animi.
745 1030 976 1076 Poffumus
1008 1029 1185 1086 dicere,
1219 1045 1311 1074 non
1338 1028 1422 1076 effe
1458 1030 1571 1077 hanc

289 1101 590 1148 crudelitatem
604 1135 617 1157 ,
636 1102 705 1148 sed
721 1103 935 1150 feritatem
952 1138 965 1160 ‚
983 1101 1054 1148 cui
1073 1101 1291 1163 voluptati
1304 1101 1477 1150 saevitia
1492 1103 1572 1150 est:

288 1175 519 1238 possumus
549 1177 756 1223 insaniam
792 1193 969 1224 vocare.
997 1193 1095 1223 nam
1131 1176 1250 1222 varia
1282 1175 1376 1222 sunt
1409 1193 1572 1240 genera

289 1248 410 1302 eius,
436 1259 478 1293 et
507 1250 669 1295 nullum
704 1249 889 1306 certius,
917 1266 1048 1311 quam
1083 1248 1207 1309 quod
1231 1248 1275 1294 in
1302 1251 1454 1297 caedes
1485 1251 1571 1297 ho·

290 1321 460 1367 minum
493 1335 535 1366 et
564 1321 821 1368 laniationes
852 1317 1067 1382 pervenit.
1109 1321 1212 1368 Illos
1239 1338 1348 1385 ergo
1377 1323 1572 1371 crudeles

289 1393 496 1450 vocabo,
524 1394 600 1455 qui
632 1394 842 1456 puniendi
865 1394 1033 1440 causam
1064 1395 1250 1453 habent,
1271 1395 1454 1442 modum
1476 1412 1569 1442 non

290 1466 464 1513 habent.
498 1466 616 1514 Sicut
644 1467 688 1513 in
722 1467 916 1524 Phalari,
949 1484 1080 1529 quem
1113 1468 1232 1514 aiunt
1259 1483 1352 1514 non
1388 1469 1569 1531 quidem

290 1538 335 1584 in
364 1539 564 1586 homines
588 1540 870 1596 innocentes,
898 1541 968 1588 sed
991 1541 1115 1603 super
1132 1541 1372 1588 humanum
1398 1558 1447 1588 ac
1468 1558 1570 1604 pro·

290 1612 476 1658 habilem
505 1613 688 1659 modum
721 1613 911 1661 saevisse.
944 1612 1172 1661 Possumus
1203 1613 1397 1677 effugere
1428 1612 1569 1660 cavil-

289 1685 496 1732 lationem
513 1722 525 1741 ‚
556 1700 598 1733 et
625 1686 681 1732 ita
715 1685 840 1733 finire
860 1723 873 1744 ,
900 1700 947 1733 ut
978 1686 1027 1733 fit
1055 1686 1310 1744 crudelitas,
1343 1686 1568 1733 inclinatio

291 1759 426 1804 animi
454 1759 506 1804 ad
536 1758 766 1820 asperiora.
802 1761 928 1806 Hanc
949 1760 1178 1808 clementia
1204 1759 1377 1822 repellit
1394 1759 1568 1822 longius

291 1850 315 1878 a
335 1832 375 1877 se
397 1850 407 1878 t
431 1849 526 1877 nam
557 1832 830 1880 severitatem
854 1834 915 1879 illi
942 1835 1208 1892 convenire,
1234 1833 1373 1881 adesse
1397 1848 1567 1881 certum

290 1904 365 1950 est.
403 1904 471 1949 Ad
499 1920 590 1948 rem
622 1904 837 1964 pertinet,
869 1922 1077 1967 quaerere
1103 1907 1191 1953 hoc
1219 1905 1351 1964 loco,
1381 1905 1488 1968 quid
1518 1906 1567 1953 fit

291 1976 600 2024 misericordia.
647 1978 846 2040 Plerique
879 1978 993 2024 enim
1023 1993 1070 2026 ut
1099 1979 1308 2026 virtutem
1339 1982 1433 2024 eam
1468 1978 1566 2024 lau-

292 2050 420 2108 dant,
448 2063 489 2096 et
519 2051 685 2097 bonum
711 2051 936 2098 hominem
964 2068 1130 2100 vocant
1149 2051 1491 2098 misericordem.
1509 2053 1568 2099 Et

242 2121 262 2132 ”
288 2121 394 2167 haec
421 2121 578 2167 vitium
612 2121 745 2168 animi
775 2121 847 2170 est.
892 2126 1090 2186 Utraque
1120 2123 1235 2170 circa
1262 2122 1564 2179 severitatem,

289 2194 492 2256 circaque
525 2194 799 2240 clementiam
832 2193 968 2256 posita
990 2195 1110 2242 sunt:
1134 2212 1243 2258 quae
1270 2193 1409 2241 vitare
1438 2192 1566 2240 debe-

290 2282 408 2324 mus,
434 2283 488 2313 ne
512 2284 588 2329 per
613 2266 799 2329 speciem
820 2267 1055 2316 severitatis
1079 2269 1123 2315 in
1140 2268 1464 2323 crudelitatem,
1488 2283 1564 2314 ne·

289 2355 348 2385 ve
381 2355 459 2400 per
491 2338 678 2401 speciem
709 2340 964 2387 clementiae
993 2341 1040 2387 in
1067 2339 1411 2388 misericordiam
1446 2339 1562 2386 inci-

289 2414 454 2459 damus.
494 2417 539 2459 In
570 2404 684 2469 hoc,
718 2415 888 2462 leviore
919 2415 1116 2476 periculo
1148 2430 1341 2477 erratur,
1374 2412 1446 2461 sed
1482 2430 1561 2477 par-

290 2502 416 2534 error
445 2485 505 2534 est
526 2503 550 2535 a
568 2502 677 2536 vero
702 2487 1015 2541 recedentium.
