1742 2967
262 164 355 225 246
522 167 570 212 L.
606 165 906 212 ANNAEt
950 166 1310 217 SENECAE

251 290 275 321 a
295 272 421 318 nobis
442 273 622 329 debere,
647 288 828 335 propter
852 291 963 336 quae
983 292 1072 341 nqn
1092 277 1364 334 amabantur,
1382 277 1540 326 admo*

251 347 472 403 nitiones‚
500 346 776 393 severitatem
795 384 807 402 ‚
842 340 889 393 et*
919 348 1186 395 inconsultae
1224 350 1538 399 adolescentiae

250 419 502 481 diligentem
537 419 776 483 custodiam
800 456 813 476 ‚
841 421 1068 482 rapiuntur
1097 421 1236 469 nobis.
1274 425 1439 469 Paucos
1466 440 1538 470 us-

250 508 337 555 que
356 493 409 537 ad
431 508 537 538 veru
547 510 582 536 n:
605 492 792 539 fructum
816 511 837 539 a
861 493 1002 540 liberis
1024 495 1351 556 percipiendum
1375 497 1537 558 perdu-
1573 508 1576 511 ’

249 566 316 611 xit
342 579 456 612 aetas
476 582 486 609 z
514 567 645 612 ceteri
669 568 828 614 libero<
848 585 984 615 onere
1006 569 1236 616 senserunt.
1271 571 1377 616 Non
1397 570 1455 616 est
1472 584 1537 617 ta·-

251 653 350 682 men
380 651 531 698 turpe,
553 640 669 687 vinci
693 640 916 688 beneficiis
935 659 957 687 a
980 654 1170 702 parente,
1208 643 1360 705 quidni
1382 661 1470 689 non
1490 643 1541 691 fit

250 720 410 769 turpe,
443 726 541 755 cum
574 728 594 755 a
624 711 746 756 nullo
774 724 899 770 turpe
924 713 1003 759 sit?
1048 714 1323 774 Quibusdam
1356 716 1470 761 enim
1494 731 1538 763 et

250 797 374 842 pares
389 816 402 837 ‚
421 794 460 827 et
488 781 673 844 impares
693 784 836 831 sumus
854 801 864 828 ε
894 802 1018 845 pares
1037 786 1185 831 animo
1204 821 1215 841 ‚
1240 803 1370 849 quem
1398 788 1538 833 solum

252 852 310 898 illi
335 853 540 916 exigunt,
573 872 703 916 quem
731 872 812 901 nos
841 856 978 901 solum
1000 857 1322 919 promittimus;
1350 860 1540 921 impares

252 924 430 972 fortuna
450 963 461 982 ‚
480 944 591 990 quae
613 927 643 971 fi
671 927 740 974 cui
776 928 941 974 obstitit
964 945 1054 989 quo
1077 929 1216 976 minus
1241 930 1419 976 referret
1438 949 1538 994 gra-

251 1002 353 1048 tiam
370 1037 384 1060 ‚
412 1019 502 1048 non
531 1003 631 1048 ideo
649 1003 707 1048 illi
728 1015 932 1065 tanquam
962 1003 1083 1049 νὶξὶο
1106 1005 1443 1050 erubescendum
1465 1003 1539 1053 est.

252 1075 360 1121 Non
382 1075 442 1120 est
464 1089 623 1135 turpe,
660 1091 751 1120 non
783 1075 1023 1136 consequi,
1058 1076 1303 1120 dummodo
1337 1073 1539 1130 sequaris,

254 1147 390 1210 Saepe
411 1147 577 1193 necefl'e
597 1146 658 1193 est
676 1182 690 1204 ‚
710 1160 808 1192 ante
833 1146 911 1192 alia
935 1144 1144 1192 beneficia
1166 1159 1362 1207 petamus
1378 1180 1389 1202 ,
1408 1161 1541 1207 quam

253 1220 403 1283 prior-a
429 1221 710 1268 reddidimus.
736 1222 832 1267 Nec
855 1221 956 1266 ideo
985 1236 1074 1265 non
1098 1220 1284 1281 petimus
1301 1255 1313 1276 ,
1339 1233 1411 1264 aut
1438 1231 1540 1264 tur-

253 1293 366 1356 piter
399 1292 586 1356 petimus
607 1329 619 1349 ‚
639 1293 739 1355 quia
767 1310 856 1338 non
883 1291 1094 1338 reddituri
1119 1292 1400 1337 debebimus:
1438 1290 1540 1353 quia

253 1383 344 1412 non
376 1383 452 1427 per
473 1373 562 1412 *nos
584 1366 664 1411 erit
693 1382 819 1412 mora
837 1401 850 1422 ‚
870 1382 961 1429 quo
987 1366 1128 1410 minus
1154 1365 1375 1428 gratissimi
1399 1364 1542 1414 simus.

254 1439 338 1486 Sed
369 1438 633 1485 interveniet
664 1438 829 1499 aliquid
848 1437 1140 1491 extrinsecus,
1157 1438 1277 1498 quod
1299 1436 1545 1497 prohibeat.

256 1527 338 1557 nos
357 1524 501 1556 tamen
523 1527 603 1559 nec
631 1509 865 1557 vincemur-
882 1509 1031 1556 animo
1051 1546 1063 1566 ‚
1084 1527 1164 1556 nec
1186 1510 1369 1570 turpiter
1388 1508 1452 1554 his
1469 1525 1542 1556 re·-

255 1583 337 1630 bus
357 1583 659 1646 superabimur
673 1619 686 1640 ‚
708 1600 820 1646 quae
842 1599 931 1629 non
949 1583 1043 1629 sunt
1061 1582 1107 1628 in
1126 1581 1271 1628 nostra
1290 1580 1516 1644 potestate.

323 1658 400 1703 VI.
431 1656 674 1701 Alexander
701 1656 1001 1702 Macedonum
1032 1671 1107 1700 rex
1140 1653 1318 1717 gloriari
1351 1653 1542 1712 solebat,

254 1745 281 1775 a
312 1728 438 1774 nullo
464 1727 506 1774 se
532 1726 759 1776 beneficiis
790 1729 970 1775 vidium.
1005 1729 1111 1775 Non
1139 1727 1197 1773 est
1227 1727 1349 1790 quod
1384 1727 1541 1772 nimius

255 1800 390 1846 animi
421 1801 714 1855 Macedonas,
735 1813 778 1846 et
802 1802 1027 1856 Graecos,
1048 1814 1092 1847 et
1111 1799 1268 1854 Caras,
1291 1814 1335 1845 et
1364 1798 1509 1850 Persas
1524 1831 1539 1854 ‚

255 1887 300 1920 et
325 1873 524 1920 nationes
548 1873 754 1920 distrifilas
785 1872 870 1919 fine
899 1872 1091 1919 exercitu
1119 1871 1343 1934 suspiciam
1378 1888 1433 1918 ne
1456 1872 1544 1921 hos-

256 1943 332 1990 fibi
363 1943 615 2006 praestitisse
645 1961 852 2006 regnum,
876 1961 899 1988 a
924 1944 1139 1989 Thraciae
1166 1942 1328 2004 angulo
1357 1957 1542 2004 porrec-

255 2027 350 2063 tum
382 2018 517 2080 usque
544 2018 598 2063 ad
623 2018 723 2064 litus
750 2017 964 2080 incogniti
995 2018 1146 2074 maris,
1172 2016 1346 2063 iudicet.
1366 2007 1539 2065 'Eadem

257 2105 307 2137 re
328 2090 502 2151 gloriari
532 2093 730 2137 Socrates
752 2091 921 2151 potuit,
940 2090 1091 2137 eadem
1120 2091 1416 2153 Diogenesst
1447 2103 1544 2151 quo

255 2161 408 2225 utique
430 2161 569 2209 vifius
587 2161 659 2213 est.
699 2161 869 2221 Quidni
897 2162 1037 2209 vifius
1056 2161 1104 2207 sit
1124 2162 1202 2206 illo
1223 2161 1293 2206 die
1307 2196 1320 2216 ‚
1354 2175 1444 2221 quo
1464 2160 1543 2205 ho·

257 2249 335 2279 mo
361 2234 486 2293 supra
504 2234 745 2280 mensuram
773 2234 989 2279 humanae
1013 2232 1234 2295 superbiae
1255 2246 1425 2280 tumens
1439 2268 1452 2290 ,
1471 2232 1542 2280 vi-

257 2304 321 2352 dit
346 2304 566 2366 aliquem,
585 2304 656 2351 cui
683 2322 764 2352 nec
788 2305 889 2351 dare
912 2307 1153 2368 quidquam
1175 2306 1316 2368 posset
1339 2322 1443 2361 ‚nec
1462 2305 1542 2350 eri-

259 2384 398 2447 pere?
424 2381 668 2427 Archelaus
691 2398 774 2437 rex>
793 2382 1017 2426 Socratem
1041 2371 1244 2442 rogavit,
1262 2392 1308 2426 ut
1327 2380 1381 2425 ad
1402 2379 1440 2424 se
1461 2394 1540 2426 ve*

258 2451 385 2503 niret..
407 2453 560 2505 dixisse
584 2455 784 2506 Socrates
809 2454 1021 2515 traditur,
1041 2454 1172 2505 Nolle
1198 2453 1240 2502 se
1263 2453 1318 2506 ad
1341 2468 1443 2502 eum
1464 2467 1542 2503 ve·-
