1742 2967
341 191 444 245 DE
489 195 938 245 BREVITATE
984 199 1232 248 VITAE.
1363 217 1425 263 47

216 307 267 351 ll.
297 306 423 365 Quid
451 305 506 352 de
540 322 687 351 rerum
714 318 864 353 natura
893 305 1151 368 querimur?
1181 305 1251 352 illa
1277 306 1317 353 se
1346 307 1428 353 be-

151 378 282 440 nigne
301 379 435 442 geffit.
458 378 569 435 vita,
593 379 623 423 fi
639 379 743 425 scias
762 378 851 435 uti,
882 377 1012 440 longa
1038 378 1117 424 est.
1136 378 1285 424 Alium
1313 378 1426 424 insa-

150 451 308 497 tiabilis
337 465 456 498 tenet
486 452 666 498 avaritia
689 469 700 496 :
723 451 852 496 alium
884 450 928 496 in
960 451 1243 513 supervacuis
1263 451 1428 496 labori-

150 523 230 568 bus
262 523 446 584 operosa
473 523 671 588 sedulitas
693 522 827 570 :alius
846 524 955 570 vino
985 525 1130 571 madet
1150 542 1160 570 :
1180 524 1285 570 alius
1308 524 1426 577 iner—

149 593 210 640 tia
236 606 384 657 torpet
405 613 415 641 :
439 590 570 642 aiium
597 594 806 659 defatigat
823 612 876 642 ex
895 596 1042 643 alienis
1065 596 1236 644 iudiciis
1258 598 1428 660 suspen-

150 667 190 713 sa
220 667 388 732 semper
412 670 624 716 ambitio:
653 670 785 716 alium
816 671 1041 717 mercandi
1066 668 1273 734 praeceps
1304 671 1429 734 cupi-

151 741 259 787 ditas
280 743 395 789 circa
417 759 573 790 omnes
592 759 749 801 terras,
770 744 919 790 omnia
944 744 1075 790 maria
1090 776 1105 800 ‚
1130 744 1201 806 spe
1219 745 1329 791 lucri
1348 745 1430 791 du-

151 812 222 860 cit.
242 815 474 873 Quosdam
493 828 671 878 torquet
690 816 859 878 cupido
877 815 1054 863 militiae
1067 853 1079 873 ,
1098 834 1321 879 nunquam
1339 835 1430 865 non

152 900 227 933 aut
251 889 398 935 alienis
427 888 629 951 periculis
660 889 878 941 intentos,
909 902 982 935 aut
1011 890 1094 936 suis
1124 891 1309 937 anxios:
1334 891 1432 938 sunt

153 979 266 1024 quos
284 962 476 1027 ingratus
494 963 768 1025 superiorum
797 964 936 1010 cultus
952 964 1204 1011 voluntaria
1223 964 1431 1012 servitute

153 1035 395 1083 consumat.
416 1036 584 1082 Multos
606 1048 679 1082 aut
700 1035 914 1083 affectatio
934 1037 1094 1083 alienae
1115 1037 1337 1095 fortunae,
1359 1053 1432 1085 aut

152 1106 251 1153 suae
270 1108 421 1153 odium
451 1107 666 1154 detinuit:
686 1109 918 1170 plerosque
938 1108 1044 1154 nihil
1065 1124 1231 1155 certum
1252 1110 1435 1174 sequen-

153 1191 243 1234 tes,
263 1197 373 1243 vaga
398 1194 440 1225 et
456 1179 726 1237 inconstans,
747 1194 790 1227 et
811 1181 885 1227 sibi
911 1180 1142 1245 displicens
1161 1182 1333 1240 levium,
1353 1200 1432 1245 per

154 1269 276 1299 nova
295 1253 471 1299 consilia
496 1253 683 1300 ia&avit.
712 1255 986 1314 Quibusdam
1017 1254 1122 1300 nihil
1146 1270 1236 1317 quo
1259 1255 1432 1303 cursum

154 1325 342 1388 dirigant
355 1361 369 1384 ‚
390 1326 551 1387 placet,
576 1325 648 1371 sed
666 1340 906 1373 marcentes
919 1325 1243 1391 ,oscitantesque
1261 1327 1347 1374 fata
1365 1329 1434 1375 de·

153 1401 431 1462 prehendunt
461 1418 471 1447 ε
500 1401 613 1446 adeo
639 1411 687 1446 ut
710 1400 835 1463 quod
862 1400 979 1461 apud
1007 1399 1244 1445 maximum
1277 1401 1434 1462 pocta-

153 1490 249 1519 rum
284 1491 409 1521 more
435 1474 602 1522 oraculi
634 1473 799 1520 diuum
825 1472 912 1531 est,
937 1489 1094 1520 verum
1126 1471 1211 1518 effe
1240 1489 1331 1519 non
1351 1472 1432 1518 du·-

151 1543 288 1594 bitem
308 1565 318 1593 :

301 1656 479 1718 Exigua
492 1674 594 1716 pars
609 1657 662 1721 est
681 1659 787 1703 vitae
815 1672 940 1717 quam
961 1672 1038 1700 7205
1057 1654 1256 1700 vivimus.

154 1775 346 1811 ceterum
375 1763 550 1823 quidem
582 1781 714 1811 omne
736 1764 916 1826 spatium
934 1793 948 1816 ‚
976 1778 1067 1807 non
1097 1762 1208 1817 vita,
1231 1760 1302 1807 sed
1323 1773 1437 1807 tem}

153 1854 234 1899 pus
268 1838 343 1884 est.
392 1838 604 1901 Urgentia
643 1837 920 1884 circumstant
952 1837 1061 1882 vitia
1095 1834 1289 1897 undique
1315 1852 1326 1879 ε
1351 1852 1434 1881 nec

153 1909 402 1972 resurgere,
428 1921 501 1956 aut
528 1910 570 1954 in
601 1910 837 1972 dispectum
866 1908 958 1954 veri
982 1906 1178 1953 attoilere
1201 1906 1357 1952 oculos
1378 1905 1435 1950 fi-

154 1995 293 2038 nunt,
324 1983 393 2028 sed
425 1982 616 2039 mersos,
647 1995 689 2029 et
715 1982 759 2027 in
790 1980 1101 2044 cupiditatibus
1132 1977 1293 2024 infixos
1331 1994 1435 2040 pre·-

155 2066 295 2101 munt.
327 2056 564 2118 Nunquam
588 2056 669 2102 illis
697 2070 920 2101 recurrere
944 2052 998 2097 ad
1022 2051 1063 2097 se
1089 2051 1191 2097 licet
1207 2086 1220 2108 ,
1251 2050 1280 2096 fi
1301 2066 1438 2112 quan-

153 2128 216 2175 do
241 2127 386 2190 aliqua
413 2128 535 2191 quies
568 2128 756 2174 fortuito
782 2124 967 2188 contigit
989 2141 1000 2168 ε
1023 2125 1145 2171 velut
1174 2124 1220 2170 in
1247 2122 1436 2185 profun-

156 2203 216 2250 do
238 2203 377 2259 mari,
399 2203 443 2249 in
468 2219 558 2265 quo
579 2202 675 2264 post
699 2213 884 2249 ventum
917 2216 1096 2263 quoque
1112 2198 1334 2245 volutatio
1355 2195 1435 2251 est,

155 2277 424 2324 fluEtuantur
446 2312 460 2335 ‚
496 2293 577 2322 nec
604 2292 800 2338 unquam
839 2273 919 2320 illis
954 2290 976 2319 a
1011 2270 1320 2335 cupiditatibus
1353 2270 1436 2316 suis

156 2352 297 2398 otium
333 2351 470 2398 instat.
498 2351 572 2398 De
596 2349 686 2396 istis
721 2366 792 2394 me
814 2362 940 2411 putas
976 2346 1178 2393 disserere
1197 2381 1211 2403 ‚
1242 2360 1438 2408 quorum

156 2425 202 2470 in
228 2422 427 2470 confeffo
454 2424 563 2469 mala
584 2422 717 2469 sunt?
746 2422 887 2484 aspice
915 2420 1014 2466 illos
1032 2456 1045 2475 ,
1075 2421 1127 2465 ad
1153 2436 1348 2483 quorum
1367 2417 1437 2463 fe-

157 2497 365 2546 Iicitatem
400 2498 709 2546 concurritur:
729 2496 858 2543 bonis
883 2494 967 2542 suis
998 2493 1254 2542 effocantur.
1288 2494 1438 2552 Quam
