1742 2967
259 147 349 195 286
515 148 565 194 L.
606 146 898 192 ANNAEI
944 146 1284 192 SENECAE

252 254 328 318 qui
348 271 419 300 me
438 254 622 317 gratuita
647 270 757 300 nave
784 270 862 315 per
881 252 1048 299 flumen
1069 252 1232 299 Padum
1253 253 1382 299 tuiit?
1405 268 1535 316 nego.

256 327 432 391 Aliquid
463 327 570 374 boni
601 326 733 384 facit,
765 325 1027 372 beneficium
1058 342 1147 371 non
1177 327 1261 372 dat.
1290 326 1392 373 facit
1416 327 1532 373 enim

255 400 326 447 sua
346 400 471 447 causa
487 436 500 457 ,
518 413 590 446 aut
607 399 761 461 utique
783 416 873 445 non
901 415 1010 445 mea.
1034 401 1101 445 Ad
1119 400 1353 456 summam,
1371 417 1426 446 ne
1446 399 1536 461 ipse

252 473 430 537 quidem
456 472 497 519 se
516 472 624 518 mihi
642 471 905 519 beneficium
927 471 1090 518 iudicat
1111 474 1212 520 dare
1232 490 1243 519 :
1269 473 1339 520 sed
1360 486 1432 520 aut
1449 473 1536 519 rei-

253 545 452 608 publicae
481 557 556 590 aut
582 543 801 600 viciniae,
831 557 903 590 aut
932 544 1162 591 ambitioni
1192 545 1289 592 suae
1321 545 1536 608 praestat:

252 631 295 665 et
327 635 410 681 pro
441 618 529 665 hoc
564 616 681 664 aliud
712 618 933 681 quoddam
969 619 1257 665 commodum
1290 619 1537 681 exspe&3t‚

252 708 384 755 quam
409 692 531 755 quod
553 708 576 738 a
603 689 776 755 singulis
796 704 1050 753 recepturus
1069 691 1142 738 est.
1167 692 1291 752 Quid
1311 709 1416 756 ergo
1430 728 1450 749 ‚-
1464 692 1536 738 in-

252 762 374 826 quit,
396 764 426 809 fi
447 764 650 824 Princeps
670 762 892 810 civitatem
915 763 1083 811 dederit
1101 764 1304 811 omnibus
1325 764 1479 819 Gallis,
1505 762 1536 809 fi

250 835 570 883 immunitatem
591 834 820 897 Hispanis,
850 835 955 881 nihil
983 839 1067 882 hoc
1091 837 1272 884 nomine
1293 836 1442 900 singuli
1460 836 1535 883 de-

251 908 446 957 bebunt?
470 907 640 970 Quidni
659 907 876 954 debeant?
905 908 1126 954 debebunt
1144 924 1290 955 autem
1319 925 1408 954 non
1435 924 1534 954 tan-

252 1000 384 1046 quam
422 981 654 1046 proprium
691 979 952 1027 beneficium
968 1015 981 1036 ,
1024 980 1095 1026 sed
1134 993 1341 1044 tanquam
1373 980 1535 1043 publici

251 1067 434 1115 partem.
461 1053 635 1100 Nullam
657 1085 671 1107 ‚
697 1051 841 1115 inquit
861 1087 873 1109 ‚
906 1051 1054 1098 habuit
1086 1052 1403 1116 cogitationem
1435 1053 1535 1099 mei.

250 1129 331 1174 1110
361 1141 592 1190 tempore,
629 1142 720 1190 quo
753 1123 965 1172 universis
991 1127 1226 1186 proderat,
1259 1126 1398 1172 noluit
1425 1125 1532 1171 mihi

250 1201 431 1265 proprie
456 1199 678 1248 civitatem
707 1198 807 1243 dare
829 1215 839 1243 ε
864 1213 943 1243 nec
972 1197 1017 1243 in
1045 1215 1115 1245 me
1140 1198 1297 1244 direxit
1324 1198 1532 1245 animum.

251 1277 315 1320 ita
341 1291 474 1337 quare
496 1273 535 1320 ei
558 1273 742 1319 debeam
763 1270 838 1332 qui
862 1287 931 1316 me
959 1271 1035 1316 fibi
1058 1286 1149 1316 non
1167 1271 1402 1330 substituit,
1431 1289 1530 1319 cum

252 1349 442 1395 {aeturus
476 1347 580 1394 effet
608 1345 732 1409 quod
764 1343 905 1390 fecit?
939 1345 1132 1390 Primum
1148 1350 1164 1403 ,’
1188 1362 1289 1391 cum
1321 1345 1534 1408 cogitavit

250 1419 388 1466 Gallis
407 1419 613 1465 omnibus
632 1416 857 1481 prodesse,
884 1429 927 1462 et
955 1416 1062 1461 mihi
1085 1416 1299 1479 cogitavit
1318 1417 1532 1479 prodesse.

250 1510 368 1539 eram
392 1492 507 1538 enim
529 1492 678 1538 Gallus
699 1507 709 1536 ε
730 1501 773 1536 et
790 1506 860 1536 me
875 1525 887 1546 ‚
908 1489 1036 1535 etiam
1058 1489 1085 1534 fi
1107 1506 1197 1535 non
1216 1506 1310 1535 mea
1324 1525 1338 1547 ‚
1357 1490 1530 1551 publica

248 1578 393 1612 tamen
419 1578 523 1611 nota
551 1564 900 1627 comprehendit.
935 1564 1112 1611 Deinde
1149 1580 1235 1628 ego
1261 1581 1442 1627 quoque
1470 1564 1531 1610 illi

249 1655 342 1685 non
358 1649 562 1701 tanquam
582 1638 815 1701 proprium
839 1638 1036 1694 debebo,
1059 1637 1130 1683 sed
1151 1654 1401 1683 commune.
1420 1654 1530 1684 unus

249 1727 274 1755 e
306 1709 475 1773 populo
495 1746 506 1764 ‚
541 1725 632 1755 non
666 1720 877 1771 tanquam
906 1725 988 1770 pro
1022 1726 1091 1755 me
1111 1709 1308 1768 solvam,
1339 1709 1411 1755 sed
1432 1722 1529 1756 tan-

247 1800 382 1847 quam
410 1799 492 1845 pro
513 1783 650 1845 patria
675 1780 920 1833 conferam.

313 1854 422 1903 XX.
455 1858 497 1903 Si
525 1856 622 1919 quis
648 1856 807 1918 patriae
833 1872 956 1902 meae
982 1855 1212 1918 pecuniam
1240 1856 1406 1915 credat,
1438 1872 1529 1902 non

248 1929 391 1975 dicam
410 1946 480 1975 me
499 1928 614 1975 illius
631 1929 874 1975 debitorem
887 1963 901 1984 ‚
922 1944 1001 1974 nec
1022 1928 1108 1973 hoc
1127 1943 1196 1974 aes
1216 1927 1403 1973 alienum
1424 1944 1530 1990 pro—

248 2002 410 2049 fitebor
426 2015 498 2049 aut
521 2002 795 2058 candidatam,
814 2013 887 2047 aut
907 2018 1003 2047 reus
1022 2019 1032 2046 ι
1058 2002 1111 2046 ad
1133 2001 1446 2047 exsolvendum
1461 2013 1527 2047 ta·

247 2091 350 2120 men
378 2075 466 2121 hoc
495 2074 747 2136 portionem
773 2090 916 2119 meam
943 2062 1070 2119 dabo.
1107 2073 1176 2118 Sic
1197 2072 1313 2118 istius
1338 2073 1529 2118 muneris

247 2147 371 2206 quod
389 2147 602 2195 universis
621 2147 768 2203 datur,
786 2147 1030 2192 debitorem
1052 2163 1123 2192 me
1143 2162 1256 2208 nego
1273 2163 1282 2190 t
1301 2146 1402 2207 quia
1420 2145 1527 2191 mihi

248 2221 369 2268 dedit
385 2222 562 2284 quidem
576 2257 589 2279 ‚
609 2221 680 2267 sed
700 2236 791 2266 non
811 2235 995 2283 propter
1013 2237 1082 2266 me
1098 2238 1116 2270 ε,
1133 2235 1175 2266 et
1195 2219 1302 2265 mihi
1320 2220 1498 2281 quidem
1513 2253 1527 2277 ‚

247 2294 320 2340 {ed
344 2294 535 2341 nesciens
555 2310 609 2339 an
631 2291 738 2338 mihi
763 2291 881 2338 daret
900 2309 911 2337 ε
934 2290 1217 2337 nihilominus
1236 2291 1396 2353 aliquid
1420 2290 1528 2335 mihi

247 2367 585 2428 dependendum
620 2365 777 2421 sciam,
808 2365 911 2428 quia
941 2366 994 2410 ad
1026 2382 1096 2411 me
1130 2381 1310 2427 quoque
1345 2363 1526 2409 circuitu

246 2440 385 2503 {ongo
408 2439 625 2504 pervenit.
647 2440 831 2503 Propter
851 2456 922 2487 me
939 2438 1099 2487 filetum
1121 2439 1250 2485 debet
1268 2436 1374 2498 effe,
1404 2436 1528 2500 quod
