1742 2967
292 191 356 238 60
529 192 577 240 L.
627 193 915 240 ANNAEI
968 194 1317 242 SENECAE

288 302 465 361 ciderit‚
491 304 700 368 cogitant.
721 307 780 352 At
801 305 958 370 quibus
978 307 1068 356 vita
1085 310 1242 370 procul
1259 310 1314 357 ab
1336 309 1460 358 omni
1480 326 1558 358 ne-

287 376 414 439 gotio
439 377 600 440 agitur,
626 379 730 442 quid
754 380 798 426 ni
826 381 1007 442 spatiosa
1028 382 1108 429 fit?
1136 383 1244 430 nihil
1268 399 1323 430 ex
1345 383 1417 430 illa
1438 384 1557 433 dele-

284 460 430 512 gatur,
448 451 556 496 nihil
582 451 667 497 alio
693 463 823 516 atque
842 453 928 501 alio
947 454 1157 536 spargitur
1172 491 1187 514 ,
1211 455 1319 502 nihil
1339 455 1440 502 inde
1459 455 1555 503 for-

287 533 417 568 tunae
448 524 657 582 traditur,
693 525 801 571 nihil
830 527 1091 589 negligentia
1120 528 1297 585 interit,
1326 528 1436 575 nihil
1467 529 1555 576 lar-

287 594 455 656 gitione
483 595 740 654 detrahitur,
766 598 876 644 nihil
901 598 1223 661 supervacuum
1249 601 1341 649 est:
1366 613 1460 649 tota
1479 601 1558 666 (ut

287 665 349 712 ita
378 660 580 731 dicam)
568 686 614 714 m
640 670 779 716 reditu
799 670 875 719 est.
902 672 1325 738 Quantulacunque
1314 689 1458 737 itaque
1477 674 1557 720 ab-

285 740 402 787 unde
436 741 624 788 sufficit:
658 754 700 788 et
731 742 834 790 ideo
863 746 1217 810 quandocunque
1246 746 1425 794 ultimus
1462 747 1554 803 dies

285 812 482 870 venerit,
506 830 596 860 non
621 815 892 862 cunctabitur
916 816 985 863 vir
1008 817 1172 880 sapiens
1193 819 1255 865 ire
1280 818 1334 865 ad
1360 829 1549 865 mortem

285 896 409 932 certo
433 887 583 948 gradu.
606 888 793 947 Quaeris
817 887 933 935 forte
947 923 960 945 ‚
980 905 1095 951 quos
1110 901 1349 953 occupatos
1368 893 1556 938 vocem?

284 972 378 1002 non
403 957 463 1003 est
490 959 610 1021 quod
640 976 710 1007 me
736 960 854 1007 solos
882 973 1005 1023 putes
1036 961 1205 1022 dicere,
1230 979 1342 1026 quos
1361 981 1385 1011 a
1411 963 1555 1012 bafili-

283 1044 336 1075 ca
355 1029 533 1090 immiffi
562 1032 740 1078 demum
772 1049 899 1080 canes
931 1034 1140 1090 eiiciunt;
1167 1052 1281 1098 quos
1311 1047 1383 1083 aut
1406 1036 1453 1083 in
1482 1035 1556 1083 sua

281 1100 407 1150 vides
436 1104 561 1150 turba
590 1104 822 1166 speciosius
855 1106 981 1165 elidi,
1010 1118 1081 1153 aut
1106 1107 1154 1154 in
1187 1107 1325 1154 aliena
1355 1118 1556 1156 contem-

280 1172 395 1229 tius;
422 1190 534 1237 quos
562 1176 709 1223 officia
739 1177 945 1225 domibus
970 1178 1055 1226 suis
1084 1193 1303 1237 evocant,
1331 1192 1381 1226 ut
1404 1178 1555 1227 alienis

281 1243 455 1292 foribus
484 1245 683 1304 illidant3
715 1265 828 1312 quos
852 1250 967 1297 hasta
993 1250 1204 1314 praetoris
1230 1251 1380 1298 infami
1403 1252 1529 1299 lucro
1544 1282 1562 1305 ‚

282 1331 330 1366 et
370 1321 635 1384 quandoque
673 1322 962 1386 suppuraturo
977 1358 992 1382 ‚
1032 1336 1219 1372 exercet.
1258 1325 1558 1385 Quorundam

284 1391 424 1437 otium
445 1405 712 1456 occupatum
742 1394 831 1441 est:
862 1395 908 1441 in
930 1394 1058 1455 villa,
1087 1408 1160 1442 aut
1178 1396 1226 1442 in
1252 1396 1365 1443 lecto
1390 1396 1494 1452 suo,
1510 1394 1556 1451 in

281 1463 424 1509 media
452 1463 703 1523 solitudine,
727 1466 930 1528 quamvis
957 1467 1010 1512 ab
1040 1466 1245 1514 omnibus
1263 1465 1554 1524 recesserunt,

279 1534 359 1580 fibi
393 1534 471 1597 ipsi
501 1536 670 1583 molesti
701 1536 808 1584 sunt.
854 1538 1137 1618 quorundam
1173 1554 1266 1586 non
1292 1537 1433 1584 otiosa
1462 1536 1555 1585 vita

280 1605 343 1653 est
367 1607 571 1665 dicenda,
600 1608 674 1654 1ed
696 1608 905 1655 desidiosa
934 1609 1189 1673 occupatio.

352 1681 452 1728 ΧΠ.
482 1682 605 1729 Illum
626 1694 671 1730 tu
697 1682 888 1730 otiosum
912 1700 1069 1741 vocas,
1087 1684 1164 1747 qui
1194 1682 1426 1731 Corinthia
1447 1699 1556 1746 pau-

280 1769 437 1801 corum
457 1753 609 1800 furore
633 1753 820 1816 pretiosa
831 1790 846 1812 ,
861 1755 985 1803 anxia
998 1755 1228 1804 subtilitate
1241 1755 1499 1815 concinnat,
1513 1766 1557 1802 et

282 1825 497 1872 maiorem
524 1825 694 1872 dierum
715 1827 943 1889 partemin
961 1827 1224 1892 aeruginosis
1249 1826 1428 1873 lamellis
1447 1842 1554 1873 con·

280 1896 439 1944 sumit?
468 1897 542 1961 qui
563 1898 609 1944 in
632 1913 855 1946 ceromate
872 1898 1020 1966 (nam,
1038 1900 1154 1963 proh
1175 1899 1369 1955 facinus,
1391 1916 1445 1946 ne
1465 1901 1554 1946 Ro-

282 1970 419 2017 manis
436 1971 611 2034 quidem
635 1972 754 2020 vitiis
772 1972 1050 2035 laboramus)
1080 1972 1294 2036 spectator
1313 1988 1551 2034 puerorum

281 2042 515 2090 rixantium
548 2043 699 2090 sedet?
732 2043 808 2107 qui
836 2044 1083 2091 vinctorum
1119 2044 1296 2091 suorum
1330 2059 1479 2107 greges
1505 2043 1551 2090 in

281 2126 468 2160 aetatum
497 2125 539 2160 et
569 2114 775 2161 colorum
796 2115 915 2177 paria
942 2115 1136 2163 diducit?
1162 2116 1239 2179 qui
1266 2116 1444 2163 athletas
1463 2133 1552 2163 no-

280 2184 478 2236 viffimos
503 2186 665 2249 pascit?
698 2187 852 2248 Quid?
876 2188 975 2235 illos
1003 2184 1173 2236 otiosos
1200 2205 1361 2246 vocas,
1392 2190 1550 2253 quibus

278 2258 396 2320 apud
427 2259 654 2307 tonsorem
685 2262 844 2309 multae
873 2262 1008 2309 horae
1040 2262 1414 2317 transmittuntur,
1441 2261 1548 2308 dum

231 2325 234 2328 ’
280 2331 554 2393 decerpitur,
579 2332 609 2378 fi
638 2333 742 2395 quid
777 2334 978 2396 proxima
1010 2335 1139 2382 nocie
1169 2334 1412 2394 succrevit,
1439 2335 1546 2381 dum

280 2403 333 2449 de
363 2403 533 2467 fingulis
559 2404 723 2468 capillis
753 2407 799 2454 in
825 2408 1050 2455 confilium
1082 2410 1194 2464 itur,
1223 2409 1325 2466 dum
1355 2419 1426 2454 aut
1458 2407 1548 2454 dis-

278 2474 381 2524 iessta
404 2493 531 2525 coma
549 2477 785 2528 restituitur
805 2497 818 2537 3
840 2492 913 2529 aut
932 2478 1138 2529 deficiens
1154 2481 1254 2530 hinc
1274 2493 1403 2545 atque
1427 2479 1546 2528 illinc
