1742 2967
350 201 447 248 DE
494 186 925 248 BENEqus
978 199 1106 247 LIB.
1150 203 1226 247 ιν.
1343 214 1430 263 235

159 307 318 356 cedere
350 308 534 354 dicimus
553 343 566 364 ‚
597 319 638 354 et
664 307 769 353 nihil
799 319 951 353 contra
979 306 1236 368 opinionem
1264 305 1436 352 accide-

159 398 205 427 re
222 417 233 436 ‚
256 381 355 443 quia
376 380 606 439 praesumit
634 381 781 424 animo
796 414 809 434 ,
837 379 958 440 posse
977 379 1139 442 aliquid
1157 378 1438 433 intervenire,

155 454 278 516 quod
311 452 515 498 destinata
546 452 792 514 prohibeat.
836 452 1181 514 Imprudentium
1217 450 1291 496 ista
1324 451 1440 496 fidu-

156 529 224 572 cia
238 526 313 580 est,
331 525 548 570 fortunam
570 525 645 569 fibi
666 524 900 586 spondere:
915 524 1076 585 sapiens
1089 535 1317 585 utramque
1338 539 1436 584 par-

157 610 245 643 tem
274 598 366 644 eius
396 597 577 659 cogitat.
612 596 688 642 scit
717 609 926 658 quantum
955 596 1082 642 liceat
1109 595 1277 652 errori,
1303 611 1434 655 quam

156 669 323 716 incerta
352 667 432 714 sint
466 669 680 725 humana,
711 685 843 731 quam
874 669 1006 714 multa
1035 667 1221 714 consiliis
1253 666 1438 714 obstent.

157 742 393 804 ancipitem
413 757 556 787 rerum
575 757 624 786 ac
640 740 852 787 lubricam
874 741 1030 786 sortem
1054 739 1272 801 suspensus
1295 739 1438 800 sequi-

158 825 255 871 tur,
276 826 319 860 et
340 812 526 860 consiliis
549 813 676 860 certis
699 813 892 859 incertos
911 823 1106 857 eventus.
1132 811 1346 872 Exceptio
1367 827 1437 855 au-

155 898 248 933 tem
263 922 277 943 ‚
295 884 380 932 fine
406 903 492 948 qua
512 885 618 931 nihil
649 885 830 932 destinat
846 922 862 943 ,
894 884 999 930 nihil
1018 883 1286 946 ingreditur,
1304 895 1346 928 et
1364 883 1437 929 hic

157 957 277 1006 illum
307 971 467 1005 tuetur.

225 1031 423 1076 XXXV.
449 1029 627 1076 Promifi
654 1027 914 1075 beneficium
933 1064 946 1084 ‚
973 1027 1048 1073 nisi
1071 1027 1101 1073 fi
1130 1026 1238 1089 quid
1262 1024 1440 1072 incidis«

158 1104 244 1158 set,
278 1120 412 1164 quare
436 1120 525 1149 non
552 1104 757 1149 deberem
786 1103 900 1148 dare,
931 1102 1052 1161 Quid
1084 1101 1227 1156 enim,
1257 1099 1286 1145 fi
1311 1098 1439 1160 quod

159 1175 221 1221 illi
255 1174 472 1237 pollicitus
508 1175 630 1231 sum,
657 1176 787 1235 patria
817 1171 893 1218 fibi
924 1189 994 1218 me
1026 1172 1126 1217 dare
1156 1170 1352 1216 iusserit?
1390 1168 1437 1214 Si

158 1247 232 1294 lex
263 1249 345 1292 lata
369 1247 480 1302 erit,
510 1264 563 1292 ne
591 1247 634 1291 id
663 1245 894 1309 quisquam
922 1243 1081 1300 faciat,
1108 1244 1230 1306 quod
1254 1259 1338 1306 ego
1365 1260 1438 1289 me

157 1321 305 1366 amico
334 1336 436 1365 meo
464 1320 674 1366 facturum
702 1315 1018 1379 promiseram?
1057 1315 1238 1361 Promisi
1269 1315 1348 1363 tibi
1381 1314 1438 1360 fi-

159 1390 258 1437 liam
280 1391 323 1436 in
353 1390 699 1436 matrimonium.
727 1387 876 1451 postea
900 1388 1156 1450 peregrinus
1173 1387 1404 1451 apparuisti
1425 1404 1436 1431 ε

160 1480 254 1509 non
277 1463 338 1509 est
369 1463 477 1509 mihi
507 1480 608 1509 cum
638 1474 824 1507 externo
855 1460 1137 1507 connubium.
1178 1463 1336 1508 Eadem
1369 1476 1437 1506 res

161 1551 233 1581 me
265 1535 481 1591 defendit,
508 1551 619 1595 quae
644 1546 774 1580 vetat.
808 1535 938 1579 Tunc
965 1531 1096 1578 fidem
1129 1531 1297 1592 fallam,
1327 1546 1436 1580 tunc

161 1608 474 1655 inconstantiae
506 1607 675 1654 crimen
703 1605 872 1651 audiam
889 1642 902 1661 ,
923 1606 974 1660 fi,
990 1623 1090 1652 cum
1116 1609 1264 1652 omnia
1286 1608 1435 1651 eadem

162 1682 270 1739 sint,
306 1699 417 1742 quae
450 1694 572 1727 erant
606 1678 889 1742 promittente
921 1696 991 1724 me
1011 1714 1023 1735 ‚
1062 1695 1152 1723 non
1184 1678 1435 1740 praestitero

166 1752 424 1814 promissum
458 1770 468 1798 ε
505 1751 700 1813 alioquin
744 1750 958 1813 quidquid
999 1765 1211 1804 mutatur,
1255 1750 1434 1795 liberta-

163 1837 252 1871 tem
278 1825 381 1871 facit
406 1826 460 1870 de
488 1823 661 1885 integro
688 1822 968 1879 consulendi,
1001 1833 1045 1868 et
1076 1839 1144 1868 me
1163 1820 1248 1866 fide
1264 1820 1432 1868 liberat.

163 1899 346 1945 Promisi
372 1900 711 1946 advocationem
744 1919 753 1945 :
784 1899 930 1961 postea
956 1897 1186 1960 apparuit,
1223 1897 1433 1959 perillam

164 1971 332 2018 causam
365 1973 676 2033 praeiudicium
706 1972 749 2017 in
777 1987 945 2034 patrem
972 1987 1119 2016 meum
1147 1970 1308 2033 quaeri.
1330 1986 1436 2031 pro-

163 2042 259 2090 mifi
293 2060 363 2090 me
391 2061 568 2107 peregre
589 2062 674 2091 una
693 2046 909 2091 exiturum
932 2062 941 2090 :
973 2045 1044 2090 sed
1068 2045 1147 2090 iter
1167 2043 1353 2089 infestari
1372 2044 1436 2087 Ia-

165 2116 362 2165 trociniis
383 2119 612 2165 nuntiatur.
635 2119 680 2165 in
709 2136 801 2166 rem
821 2119 1084 2181 praesentem
1116 2131 1324 2166 venturus
1344 2116 1403 2163 fui
1421 2134 1432 2162 ε

164 2189 238 2237 sed
267 2206 394 2253 aeger
416 2190 551 2247 filius,
571 2192 644 2239 sed
670 2208 879 2253 puerpera
901 2209 1012 2238 uxor
1038 2205 1164 2239 tenet.
1190 2192 1353 2238 Omnia
1373 2190 1436 2236 es-

165 2263 207 2309 se
226 2263 383 2308 debent
413 2263 592 2320 eadem,
621 2281 730 2326 quae
764 2264 938 2310 fuerunt
965 2282 1066 2310 cum
1094 2263 1394 2327 promitterem
1417 2295 1433 2317 ‚

166 2348 213 2382 ut
239 2336 531 2398 promittentis
562 2336 692 2384 fidem
719 2353 875 2384 teneas.
907 2339 1033 2397 Quae
1058 2349 1200 2383 autem
1231 2337 1369 2382 maior
1389 2335 1436 2384 fi·

166 2415 229 2461 eri
253 2415 437 2461 mutatio
468 2415 606 2477 potest
624 2451 636 2471 ‚
665 2433 794 2478 quam
823 2415 852 2460 fi
880 2427 921 2461 te
941 2416 1100 2460 malum
1130 2415 1272 2460 virum
1303 2427 1345 2460 et
1369 2414 1434 2459 in-

166 2502 336 2556 gratum
358 2489 588 2554 comperi?
615 2490 736 2553 quod
761 2505 965 2553 tanquam
998 2490 1131 2555 digno
1158 2490 1336 2547 dabam,
1363 2488 1433 2536 in-
