1742 2967
288 166 382 205 200
526 155 922 206 LANNAEI
973 158 1337 208 SENECAE

282 258 366 304 ulla
385 271 500 306 aetas
515 259 628 306 tulit.
646 260 687 307 Si
708 259 869 324 fingula
891 273 1172 323 paternorum
1193 264 1448 311 meritorum
1469 276 1559 313 mai

279 330 552 394 gnitudinem
580 331 836 395 exsuperare
861 349 950 380 non
977 333 1178 397 possunt,
1208 337 1330 400 plura
1359 338 1404 384 in
1422 357 1557 387 unum

279 403 483 465 congesta
512 404 784 466 superabunt.

342 477 558 524 ΧΧΧΗΙ.
599 477 800 524 Servavit
830 478 874 523 in
904 479 1077 542 proeiio
1106 490 1270 541 patrem
1300 481 1479 544 Scipio,
1512 499 1557 532 et

276 563 567 612 praetextatus
587 550 631 597 in
651 552 791 617 hostes
816 570 977 615 equum
1006 553 1242 600 concitavit
1264 572 1273 600 ε
1296 572 1446 617 parum
1471 557 1552 616 est,

275 624 398 686 quod
429 636 477 670 ut
504 626 752 686 perveniret
781 628 833 672 ad
868 641 1058 690 patrem,
1094 640 1161 674 tot
1195 628 1379 690 pericula
1415 631 1557 676 maxi-

277 711 375 740 mos
405 697 533 743 duces
571 715 670 744 cnm
712 700 902 746 maxime
932 699 1181 762 prementia.
1204 701 1458 760 contemfit‚
1489 715 1558 750 tot

276 767 496 828 oppofiras
515 770 784 817 difficultates
804 789 813 816 :
835 771 954 832 quod
974 772 1027 816 ad
1049 770 1235 833 primam
1254 790 1439 837 pugnam
1460 775 1556 821 exi-

275 851 395 886 turus
425 841 510 886 tiro
531 858 608 903 per
635 857 942 888 veteranorum
976 859 1164 905 corpora
1194 844 1410 898 cucurrit;
1436 847 1559 908 quod

277 928 415 960 annos
438 913 537 960 suos
564 915 805 961 tranfilivit.
829 917 999 969 Adiice,
1033 929 1079 961 ut
1093 915 1219 961 ‘ldem
1242 931 1408 977 patrem
1435 935 1556 964 reum

278 986 499 1041 defendat,
516 1002 557 1032 et
577 986 890 1048 conspirationi
908 988 1188 1034 inimicorum
1207 988 1451 1050 potentium
1471 990 1556 1036 eri-

276 1060 366 1120 piat
387 1077 397 1105 :
416 1073 462 1106 ut
480 1061 660 1106 alterum
681 1058 743 1105 illi
763 1060 1033 1106 consulatum
1047 1096 1060 1117 ‚
1081 1076 1128 1106 ac
1142 1060 1318 1106 tertium
1333 1095 1346 1116 ‚
1364 1061 1556 1125 aliosque

277 1132 470 1180 honores
495 1135 625 1180 etiam
660 1133 956 1181 consularibus
984 1134 1360 1196 concupiscendos
1388 1151 1555 1198 conge-

275 1220 362 1265 rat,
394 1220 441 1254 ut
459 1210 640 1272 pauperi
668 1223 808 1271 raptas
834 1208 933 1254 belli
954 1208 1044 1254 iure
1066 1224 1172 1270 opes
1190 1210 1326 1255 tradat
1344 1227 1357 1264 ;
1377 1222 1418 1256 et
1435 1211 1555 1271 quod

277 1281 337 1327 est
369 1280 625 1328 militaribus
657 1282 763 1329 viris
797 1281 1148 1344 speciosxffimum
1171 1317 1184 1337 ,
1221 1282 1405 1328 divitem
1435 1283 1555 1329 illurn

275 1354 425 1417 spoliis
452 1355 582 1402 etiam
615 1355 843 1402 hostilibus
864 1354 1008 1400 faciat.
1040 1355 1083 1400 Si
1111 1354 1254 1401 adhuc
1284 1372 1436 1417 parum
1469 1354 1556 1414 est,

279 1427 417 1474 adiice
436 1442 481 1473 ut
502 1427 753 1489 provincias
779 1445 820 1475 et
840 1426 1176 1474 extraordinaria
1199 1426 1379 1487 imperia
1408 1427 1555 1474 conti-

279 1513 382 1546 nuet
399 1517 409 1546 :
427 1501 564 1547 adiice
582 1515 627 1547 ut
646 1501 796 1548 dirutis
817 1500 1017 1546 maximis
1038 1498 1243 1556 urbibus,
1261 1499 1451 1546 Romani
1470 1500 1557 1546 im-

277 1572 386 1634 perii
415 1572 500 1620 fine
533 1574 706 1620 aemulo
734 1573 787 1621 ad
814 1586 935 1620 ortus
968 1571 1236 1634 occasusque
1270 1572 1442 1619 venturi
1477 1573 1556 1619 de-

277 1645 427 1693 fensor
447 1663 489 1695 et
513 1649 720 1695 conditor
736 1685 750 1705 ,
769 1648 979 1695 maiorem
1007 1648 1276 1696 nobilitatem
1299 1649 1435 1695 nobili
1453 1649 1556 1697 viro

279 1719 465 1767 adiiciat.
478 1720 798 1784 Dic-Scipionis
820 1737 1008 1784 patrem:
1028 1723 1140 1769 haud
1155 1722 1333 1768 dubium
1351 1722 1425 1779 est,
1446 1723 1554 1785 quin

279 1794 512 1853 generandi
536 1793 711 1857 vulgare
728 1793 985 1842 beneficium
1008 1794 1161 1842 vicerit
1180 1794 1336 1840 eximia
1365 1794 1498 1856 pietas
1514 1806 1555 1841 et

278 1865 417 1911 virtus
433 1901 444 1921 ‚
467 1865 542 1927 ipfi
565 1865 662 1912 urbi
684 1865 830 1913 nescio
851 1878 996 1912 utrum
1017 1866 1154 1913 maius
1173 1863 1428 1929 praefidium
1449 1864 1554 1914 affe-

276 1953 397 1993 rens,
424 1955 475 1984 an
497 1939 656 1985 decus?
1146 1936 1152 1937 ⁷

344 2013 565 2059 XXXlV.
586 2013 785 2068 Deinde,
805 2013 832 2058 fi
855 2013 942 2060 hoc
963 2030 1114 2077 parum
1135 2012 1215 2071 est,
1236 2011 1351 2075 finge
1365 2011 1556 2075 aliquem

281 2096 499 2130 tormenta
531 2085 663 2146 patris
697 2085 955 2143 discuffiffe,
993 2085 1105 2149 finge
1135 2086 1178 2131 in
1214 2085 1255 2130 se
1285 2084 1556 2132 transtulisse.

283 2158 405 2203 Licet
430 2157 507 2203 tibi
536 2158 577 2202 in
604 2171 812 2220 quantum
841 2159 948 2206 velis
967 2160 1201 2206 extendere
1223 2156 1432 2209 beneficia
1450 2156 1555 2214 filii,

280 2247 380 2277 cum
414 2244 638 2294 paternum
667 2241 821 2280 munus
848 2247 889 2280 et
914 2234 1089 2296 fimp}ex
1120 2232 1196 2287 fit,
1227 2247 1270 2278 et
1297 2230 1435 2278 facile.
1470 2231 1552 2277 Sed

281 2304 397 2350 danti
430 2307 739 2353 voluntarium.
773 2307 892 2367 Quid
920 2308 1085 2354 necesse
1105 2306 1192 2352 est?
1220 2307 1291 2352 ille
1313 2306 1456 2352 multis
1475 2305 1549 2351 de-

280 2377 420 2434 derit,
451 2380 577 2425 etiam
599 2381 753 2443 quibus
773 2381 931 2427 dediffe
953 2381 992 2427 se
1018 2380 1160 2427 nescit.
1182 2383 1228 2426 In
1250 2396 1340 2442 quo
1369 2378 1548 2426 consor-

278 2458 364 2495 tem
385 2450 514 2499 habet
528 2488 541 2510 ,
562 2454 604 2498 in
626 2470 716 2517 quo
736 2453 942 2516 spestavit
963 2454 1102 2516 legem
1129 2453 1309 2516 patriam
1329 2483 1342 2507 ‚
1364 2451 1551 2514 praemia
