1742 2967
417 181 548 234 'DE
598 188 792 236 v1TA
846 188 1119 237 BEATA.
1352 209 1410 257 95

153 293 399 352 existimes,
444 294 567 358 quod
610 311 689 341 nec
718 294 904 351 virtute,
946 313 1024 344 nec
1055 297 1215 343 malitia
1249 300 1416 346 contin-

154 383 238 431 get.
263 367 417 414 deinde
430 403 445 424 ‚
461 383 508 413 ut
527 367 578 413 fis
598 368 835 414 immobilis
852 382 893 414 et
912 383 1062 416 contra
1081 371 1239 415 malum
1259 388 1317 432 *ex
1336 373 1418 417 bo·
1490 425 1493 427 ¹

155 455 242 496 no,
270 452 338 495 ut,
368 455 451 501 qua
480 437 543 484 fas
571 438 652 495 est,
682 440 828 484 Deum
859 440 1044 502 effingas.
1078 442 1199 500 Quid
1225 432 1301 486 tibi
1335 459 1418 503 pro

154 511 234 558 hac
257 513 538 573 expeditione
561 513 868 577 promittitur?
905 513 1092 575 ingentia
1122 527 1164 560 et
1188 530 1323 576 aequa
1349 516 1419 560 di*

158 585 286 632 vinis.
322 584 441 629 Nihil
467 580 661 648 cogeris:
688 586 810 630 nullo
837 584 1071 647 indigebis:
1093 585 1204 632 liber
1225 586 1305 631 eris
1321 619 1333 641 ,
1354 602 1420 632 tu·

157 667 252 715 tus,
292 658 537 706 indemnis:
566 660 676 705 nihil
707 658 859 705 frustra
892 660 1099 718 tentabis,
1128 661 1232 706 nihil
1268 663 1422 724 prohi-

157 732 340 779 beberis.
368 733 531 779 Omnia
551 733 629 779 tibi
647 750 698 781 ex
718 732 923 778 sententia
940 733 1093 779 cedent
1112 750 1123 778 ε
1146 734 1248 779 nihil
1267 737 1424 783 adver-

159 806 252 854 sum
282 806 470 865 accidet,
497 807 602 853 nihil
623 819 774 853 contra
794 806 1049 868 opinionem
1070 824 1119 853 ac
1140 809 1424 856 voluntatem.

158 877 283 936 Quid
302 877 436 940 ergo?
471 878 610 924 virtus
639 878 964 939 adlvivendum
991 874 1115 924 beate
1143 878 1296 924 suflicit
1323 896 1424 941 per-

156 947 267 995 fe&a
288 949 354 994 illa
385 961 427 996 et
449 939 643 1008 divinaf
668 941 836 1009 Quidni
863 949 1041 996 sufficiat
1062 938 1084 996 ἶ
1110 949 1248 997 immo
1280 954 1426 1014 super-

160 1018 270 1070 fluit.
321 1021 442 1081 Quid
481 1008 608 1067 enim,
637 1017 776 1068 dsse‘ffe
823 1022 962 1084 potest
1006 1036 1125 1069 extra
1168 1024 1426 1071 desiderium

159 1092 359 1139 oninium
388 1092 568 1155 pofito?
604 1093 710 1156 quid
740 1094 1004 1142 extrinsecus
1030 1110 1143 1157 opus
1162 1095 1222 1141 est
1254 1097 1324 1151 ei,
1350 1098 1427 1160 qui

159 1167 308 1212 omnia
338 1167 408 1213 sua
439 1167 483 1212 in
520 1167 562 1214 se
589 1167 800 1231 collegit?
839 1168 921 1214 Sed
950 1168 990 1215 ei
1028 1168 1103 1232 qui
1132 1170 1184 1222 ad
1219 1170 1427 1217 virtutem

159 1239 317 1297 tendit,
340 1238 500 1286 etiamsi
520 1240 701 1284 multum
725 1239 951 1300 precellit,
978 1255 1089 1299 opus
1111 1241 1170 1286 est
1192 1256 1333 1288 tamen
1352 1243 1430 1289 ali-

161 1327 246 1374 qua
275 1311 474 1357 fortunae
506 1311 767 1374 indulgentia
787 1345 800 1366 ‚
837 1311 977 1357 adhuc
1002 1312 1115 1358 inter
1150 1314 1338 1360 humana
1363 1316 1430 1361 lu-

162 1383 319 1441 ἃεῐιῐὶ,
347 1385 451 1429 dum
471 1383 636 1429 nodum
666 1383 788 1429 illum
816 1384 1024 1440 exsolvit,
1053 1395 1096 1430 et
1122 1400 1253 1430 omne
1275 1386 1430 1432 vincu-

162 1454 251 1502 lum
284 1457 478 1503 mortale.
511 1456 633 1517 Quid
662 1471 768 1518 ergo
796 1453 998 1501 interest?
1029 1456 1151 1516 quod
1177 1456 1252 1500 alii
1273 1456 1433 1519 alligati.

162 1530 260 1577 sunt
268 1541 292 1603 μ’
311 1531 381 1577 alii
396 1530 630 1596 „adstruitis
651 1527 926 1577 aliiidistriffi
951 1544 1144 1590 quoque.
1173 1528 1257 1575 Hic
1282 1530 1356 1592 qui
1377 1531 1433 1576 ad

164 1602 384 1664 superiora
403 1602 650 1667 progressus
678 1601 764 1659 est,
793 1614 837 1648 et
863 1602 904 1648 se
935 1601 1059 1647 altius
1085 1602 1263 1659 extulit,
1292 1604 1436 1649 laxam

164 1687 358 1721 catenam
379 1676 509 1723 trahit
528 1712 542 1734 ,
574 1675 770 1720 nondum
796 1675 934 1729 liber,
962 1674 1050 1720 iam
1079 1687 1225 1721 tamen
1260 1691 1343 1736 pro
1376 1677 1434 1721 li-

166 1746 289 1793 bero.

232 1823 365 1869 XVII
398 1820 440 1868 Si
464 1821 560 1884 quis
586 1821 731 1886 itaque
767 1820 856 1868 istis
882 1821 958 1884 qui
979 1821 1298 1884 philosophiam
1322 1839 1433 1877 con-

168 1895 340 1952 latrant,
365 1896 489 1959 quod
512 1895 668 1950 solent,
697 1895 853 1941 dixerit
874 1913 884 1940 ε
905 1896 1052 1954 Quare
1071 1911 1178 1958 ergo
1204 1909 1250 1940 tu
1275 1895 1437 1943 fortius

166 1968 358 2030 loqueris
389 1984 520 2031 quam
548 1967 701 2014 vivis?
748 1968 896 2026 Quare
924 1966 1134 2028 superiori
1162 1967 1296 2014 verba
1323 1968 1437 2013 sum·

168 2040 335 2096 mittis;
367 2052 409 2088 et
436 2040 664 2103 pecuniam
695 2039 974 2087 necessarium
1000 2038 1078 2085 tibi
1108 2039 1436 2086 instrumentum

169 2111 411 2169 existimas,
442 2126 485 2160 et
513 2114 675 2160 damno
705 2114 928 2170 moveris,
957 2127 1000 2159 et
1030 2111 1254 2166 lacrimas,
1291 2112 1435 2158 audita

170 2184 372 2248 coniugis
397 2197 468 2231 aut
494 2185 622 2233 amici
651 2198 823 2239 morte,
849 2183 1064 2240 demittis,
1097 2195 1139 2229 et
1164 2184 1336 2246 respicis
1369 2184 1436 2229 fa-

171 2273 285 2303 mam
300 2292 314 2313 ,
343 2271 385 2304 et
411 2258 607 2320 malignis
630 2257 899 2304 sermonibus
924 2256 1140 2319 tangeris?
1169 2259 1318 2315 Quare
1342 2256 1437 2303 cul-

170 2330 254 2376 tius
279 2347 349 2376 rus
369 2329 445 2375 tibi
468 2330 555 2386 est,
581 2346 711 2393 quam
742 2328 946 2375 naturalis
968 2330 1064 2374 usus
1087 2327 1327 2374 desiderat?
1358 2343 1436 2373 cur

173 2418 263 2448 non
289 2402 344 2448 ad
360 2402 665 2464 praescriptum
686 2416 809 2447 tuum
832 2401 1022 2447 coenas?
1049 2417 1127 2447 cur
1147 2401 1224 2447 tibi
1252 2400 1437 2446 nitidior

173 2474 364 2539 supellex
391 2474 484 2522 est?
509 2491 585 2524 cur
608 2475 722 2537 apud
746 2488 787 2522 te
808 2476 960 2523 vinum
986 2485 1122 2521 aetate
1141 2488 1211 2520 tua
1231 2471 1440 2521 vetustius
