1742 2967
323 192 384 241 92
547 177 1358 230 ι.ΑΝΝΑῈῐεΕΝΕεΑΕ

319 283 458 347 magis
492 285 782 348 inexplebiles.
810 290 1003 352 Agedum
1020 323 1033 343 ,
1062 289 1198 336 virtus
1220 290 1447 338 antecedat
1473 308 1486 337 z
1515 299 1585 337 tu*

318 369 411 402 tum
440 357 520 402 erit
539 374 671 404 omne
691 359 931 422 vestigium.
958 361 1175 423 Voluptas
1195 377 1324 408 nocet
1352 362 1485 408 nimia
1505 380 1514 408 :
1537 363 1586 408 in

319 428 479 475 virtute
502 447 592 476 non
611 431 671 477 est
689 434 927 480 verendum
942 467 955 490 ,
981 449 1034 478 ne
1056 433 1160 495 quid
1184 434 1362 480 nimium
1385 433 1434 480 fit
1453 450 1466 488 ;
1485 434 1585 496 quia

318 499 365 546 in
390 501 476 563 ipsa
506 502 566 549 est
600 505 771 552 modus.
808 506 913 552 Non
945 506 1005 552 est
1040 507 1205 552 bonum
1221 542 1238 564 ,
1263 507 1384 570 quod
1415 506 1587 569 magni-

318 573 469 620 tudine
500 574 665 622 laborat
700 576 784 622 sua.

383 647 505 694 XIV.
537 650 857 695 Rationabilem
884 666 1021 711 porro
1047 640 1209 697 sortiris]
1229 662 1448 707 naturam,
1477 666 1588 713 quae

318 719 472 765 melius
499 738 592 777 res,
619 739 748 784 quam
778 721 891 768 ratio
911 721 1210 784 proponitur?
1231 735 1273 768 et
1297 723 1326 769 fi
1353 723 1492 785 placet
1517 722 1587 768 illa

317 786 540 849 iunstura,
565 792 593 838 fi
628 794 714 839 hoc
749 794 889 855 placet
914 796 966 840 ad
1001 797 1166 840 beatam
1194 795 1327 842 vitam
1352 795 1414 841 ire
1442 795 1588 841 comi-

319 868 434 915 tatu;
464 863 604 910 virtus
635 866 882 920 antecedat,
906 865 1138 911 comitetur
1161 867 1365 928 voluptas
1380 901 1392 921 ,
1413 877 1454 911 et
1473 865 1588 912 circa

318 946 506 994 corpus,
545 947 592 980 ut
623 937 775 981 umbra
800 936 1005 982 versetur.
1036 938 1254 982 Virtutem
1290 937 1470 1000 quidem
1505 953 1588 983 ex-

319 1004 658 1053 cellentiffimam
690 1010 912 1064 omnium,
940 1009 1154 1069 voluptati
1181 1010 1350 1055 tradere
1370 1009 1588 1065 ancillam,

318 1077 425 1123 nihil
449 1096 651 1142 magnum
680 1081 828 1126 animo
856 1082 1064 1143 capientis
1086 1082 1159 1128 est.
1185 1084 1329 1128 Prima
1357 1083 1492 1129 virtus
1511 1081 1590 1141 fit,

318 1149 425 1197 haec
445 1150 556 1199 ferat
575 1154 686 1216 ligna
703 1172 712 1199 :
728 1154 982 1200 habebimus
1002 1155 1282 1201 nihilominus
1297 1155 1588 1216 voluptatem,

318 1221 392 1269 sed
419 1225 586 1271 domini
608 1227 697 1272 eius
720 1238 761 1273 et
783 1238 1094 1289 temperatores
1121 1228 1294 1274 erimus.
1322 1228 1485 1291 aliquid
1506 1243 1588 1274 nos

318 1297 545 1354 exorabit,
582 1299 686 1344 nihil
716 1312 858 1361 coget.
893 1302 948 1344 At
979 1299 1022 1344 hi
1055 1299 1129 1362 qui
1161 1299 1371 1360 voluptati
1402 1297 1589 1343 tradide-

317 1384 367 1414 re
392 1370 603 1432 principia
620 1402 633 1423 ‚
656 1382 842 1433 utroque
866 1387 1055 1417 caruere.
1083 1372 1292 1418 virtutem
1312 1371 1427 1415 enim
1457 1370 1589 1415 amit-

317 1451 427 1486 tunt.
476 1455 670 1488 ceterum
702 1459 792 1489 non
821 1442 897 1504 ipfi
925 1442 1198 1501 voluptatem
1219 1477 1232 1498 ,
1257 1440 1330 1487 sed
1357 1440 1472 1501 ipsos
1501 1455 1590 1485 vo-

319 1511 460 1574 luptas
485 1514 612 1561 habet
639 1532 650 1560 ε
678 1515 797 1561 cuius
825 1526 897 1560 aut
926 1514 1073 1575 inopia
1101 1525 1389 1576 torquemur,
1415 1525 1486 1557 aut
1507 1529 1589 1559 co-

319 1584 392 1644 pia
421 1584 746 1648 strangulantur.
779 1587 927 1633 Miseri
943 1618 955 1640 ,
978 1585 1007 1630 {i
1029 1585 1281 1651 deseruntur
1304 1587 1358 1631 ab
1387 1585 1456 1630 illa
1478 1602 1488 1629 :
1511 1585 1590 1630 mi-

318 1657 530 1714 seriores,
563 1660 591 1704 fi
621 1659 889 1707 obruuntur!
922 1661 1025 1706 ficut
1055 1658 1305 1720 deprehensi
1336 1660 1441 1704 mari
1477 1663 1589 1721 Syr—

319 1732 412 1780 tico
431 1770 444 1792 ‚
476 1737 615 1781 modo
648 1736 691 1782 in
721 1737 835 1785 ficco
866 1736 1194 1798 relinquuntur,
1225 1735 1364 1780 modo
1395 1746 1590 1779 torrente

319 1806 435 1852 unda
457 1806 730 1856 fluetuantur.
754 1809 909 1855 Evenit
937 1821 1079 1854 autem
1105 1808 1192 1853 hoc
1216 1807 1346 1852 nimia
1375 1807 1590 1867 intempe-

321 1876 481 1935 rantia,
508 1890 552 1924 et
577 1895 728 1925 amore
749 1894 880 1925 caeco
906 1878 979 1923 rei,
1007 1894 1104 1922 nam
1128 1876 1234 1921 mala
1258 1892 1341 1938 pro
1367 1875 1494 1920 bonis
1512 1891 1590 1935 pe-

322 1947 448 2005 tenti,
478 1949 766 2010 periculosum
795 1948 856 1995 est
886 1948 1058 2011 assequi.
1098 1950 1159 1994 Ut
1186 1946 1300 1993 feras
1329 1963 1430 1994 cum
1464 1946 1591 1992 labo-

322 2035 371 2066 re
400 2022 683 2086 periculoque
712 2038 947 2078 venamur,
976 2033 1018 2067 et
1043 2033 1266 2081 captarum
1295 2034 1473 2080 quoque
1492 2017 1591 2062 ‘illa-

323 2110 420 2140 rum
445 2094 608 2141 solicita
632 2095 835 2158 poffeffio
856 2094 916 2142 est
936 2114 946 2141 :
975 2094 1098 2156 saepe
1119 2092 1237 2139 enim
1257 2091 1415 2137 laniant
1443 2089 1591 2137 domi-

324 2180 432 2211 nos:
451 2165 508 2211 ita
526 2167 730 2213 habentes
751 2183 923 2229 magnas
943 2166 1209 2227 voluptates,
1227 2163 1270 2209 in
1289 2179 1490 2226 magnum
1512 2178 1595 2207 ma-

325 2236 413 2282 lum
448 2239 651 2295 evasere,
684 2253 918 2302 captaeque
955 2255 1121 2300 cepere.
1167 2238 1294 2296 Quae
1325 2252 1416 2298 quo
1451 2235 1593 2296 plures

328 2309 602 2373 maioresque
633 2311 751 2367 sunt,
782 2328 838 2358 eo
863 2311 931 2358 ille
965 2312 1109 2356 minor
1137 2325 1186 2354 ac
1213 2307 1404 2370 plurium
1442 2305 1592 2351 servus

328 2379 416 2438 est,
442 2400 571 2444 quem
601 2382 774 2430 felicem
804 2384 963 2446 vulgus
987 2381 1188 2444 appellat.
1211 2381 1467 2428 Permanere
1488 2376 1592 2423 libet
1643 2393 1646 2396 ⁴

326 2452 373 2501 in
400 2455 480 2504 hac
496 2457 731 2504 etiamnum
754 2457 880 2504 huius
904 2457 966 2504 rei
990 2455 1192 2519 imagine.
1219 2450 1592 2518 quemadmodum
