1742 2967
314 195 377 243 90
568 181 617 227 L.
661 181 956 226 ANNAEI
999 179 1350 226 SENECAE

313 285 528 332 concedo.
561 286 633 332 sed
648 286 926 333 nihilominus
946 286 1003 332 illi
1021 286 1096 346 ipsi
1113 285 1247 344 stulti,
1273 300 1316 333 et
1332 284 1573 348 inaequales

312 370 357 404 et
386 359 462 405 sub
495 360 578 406 ictu
612 361 900 422 poenitentiae
936 359 1092 422 positi,
1121 375 1296 421 magnas
1329 358 1572 421 percipiunt

312 430 562 492 voluptates
588 450 599 477 ε
638 445 686 477 ur
714 432 934 478 fatendum
964 431 1042 486 fit,
1076 444 1165 478 tam
1194 432 1325 493 longe
1353 443 1444 477 tum
1476 432 1573 478 illos

311 501 365 548 ab
394 503 518 548 omni
551 504 743 551 molestia
770 504 935 560 abesse,
968 521 1098 566 quam
1123 521 1147 550 a
1176 503 1291 550 bona
1317 516 1459 550 mente
1484 521 1495 549 :
1531 515 1573 550 et

313 575 457 638 (quod
490 578 704 638 plerisque
727 576 964 640 contingit)
991 577 1169 623 hilarem
1190 576 1394 622 insaniam
1418 576 1572 623 insani-

312 661 389 704 r'e,
416 665 465 693 ac
490 665 565 709 per
591 648 721 694 risum
751 648 906 695 furere.
937 651 996 695 At
1025 659 1198 707 contra,
1221 648 1473 711 sapientium
1503 665 1572 694 re-

313 721 462 767 missae
494 722 737 783 voluptates
761 735 803 769 et
834 723 1082 777 modestae,
1108 738 1158 768 ac
1190 739 1323 782 paene
1351 722 1574 784 languidae

311 794 408 840 sunt
424 826 436 847 ‚
463 794 838 854 compressaeque,
865 810 907 840 et
932 795 1007 841 vix
1031 793 1237 840 notabiles
1263 804 1339 838 :ut
1362 809 1472 855 quae
1498 810 1575 838 ne-

313 880 399 927 que
415 864 627 912 arcessitae
643 868 833 923 veniant,
852 883 930 913 nec
944 866 1144 929 quamvis
1158 882 1235 926 per
1255 865 1294 911 se
1313 867 1576 924 accesserint,

314 936 358 983 in
377 936 547 983 honore
572 937 651 984 sint
665 971 679 993 ,
700 955 837 999 neque
855 940 945 985 ullo
969 939 1130 1001 gaudio
1149 937 1479 1000 percipientium
1499 954 1575 984 ex·-

312 1023 475 1070 ceptae.
510 1010 692 1056 Miscent
715 1011 831 1056 enim
851 1010 942 1056 illas
958 1042 971 1063 ‚
1001 1022 1043 1055 et
1067 1010 1349 1070 interponunt
1369 1009 1507 1064 vitae,
1531 1019 1580 1055 ut

308 1078 459 1125 ludum
493 1079 730 1143 iocumque
756 1079 867 1127 inter
892 1080 1011 1126 seria.
1047 1079 1256 1126 Desinant
1286 1093 1394 1141 ergo
1424 1079 1579 1126 incon-

313 1152 533 1199 venientia
557 1152 761 1215 iungere,
785 1165 827 1198 et
854 1153 1006 1199 virtuti
1035 1153 1305 1214 voluptatem
1332 1152 1580 1215 implicare,

312 1242 391 1287 per
411 1226 532 1288 quod
563 1226 716 1273 vitium
750 1225 936 1288 peffimis
963 1225 1210 1288 quibusque
1234 1225 1472 1271 adulantur.
1509 1225 1581 1271 Ille

313 1295 472 1342 effusus
516 1297 562 1342 in
596 1297 872 1359 voluptates,
917 1296 1211 1357 reptabundus
1250 1295 1416 1358 semper
1451 1308 1580 1359 atque

313 1369 484 1425 ebrius,
517 1369 620 1431 quia
658 1369 734 1416 scit
764 1369 803 1415 se
832 1386 931 1416 cum
961 1369 1190 1431 voluptate
1225 1369 1407 1426 vivere,
1445 1370 1582 1416 credit

313 1451 356 1483 et
384 1455 483 1484 cum
510 1440 671 1485 virtute
692 1457 701 1484 :
720 1439 839 1485 audit
861 1440 976 1485 enim
1005 1441 1274 1501 voluptatem
1291 1456 1315 1485 a
1335 1441 1495 1486 virtute
1518 1439 1581 1486 se-

315 1510 458 1571 parari
487 1526 577 1556 non
606 1510 754 1573 posse:
780 1511 934 1556 deinde
963 1510 1081 1556 vitiis
1112 1510 1195 1557 suis
1227 1511 1477 1572 sapientiam
1510 1511 1581 1557 in-

315 1582 491 1639 scribit,
517 1594 559 1628 et
585 1582 885 1630 abscondenda
912 1580 1150 1644 profitetur.
1185 1585 1245 1629 Ita
1272 1599 1362 1628 non
1391 1581 1444 1628 ab
1475 1582 1582 1644 Epi-

315 1672 424 1701 curo
457 1656 622 1718 impulfi
655 1655 950 1709 luxuriantur,
970 1654 1041 1700 sed
1066 1654 1182 1700 vitiis
1210 1653 1342 1700 dediti
1366 1654 1583 1701 luxuriam

315 1725 433 1772 suam
452 1728 494 1772 in
517 1727 816 1790 philosophiae
839 1726 929 1772 sinu
945 1726 1215 1773 abscondunt
1233 1761 1246 1783 ,
1265 1738 1306 1772 et
1325 1743 1381 1772 eo
1403 1742 1584 1773 concur-

316 1811 445 1854 runt,
465 1800 538 1845 ubi
560 1801 740 1846 audiunt
765 1798 929 1845 laudari
956 1798 1243 1859 voluptatem.
1268 1799 1363 1844 Nec
1388 1797 1584 1844 aestima·

317 1883 389 1915 tur
425 1871 628 1933 voluptas
662 1872 731 1917 illa
768 1869 978 1931 Epicuri,
1021 1869 1120 1932 (ita
1161 1869 1277 1916 enim
1315 1869 1583 1917 mehercules

318 1940 491 2004 sentio)
518 1960 616 1988 cum
644 1942 785 1987 sobria
809 1957 850 1987 et
870 1941 978 1986 sicca
998 1940 1044 1987 fit
1061 1959 1071 1987 ε
1091 1941 1161 1987 sed
1181 1941 1233 1986 ad
1253 1956 1412 1987 nomen
1443 1941 1580 2002 ipsum

319 2013 544 2068 advolant,
561 2026 814 2076 quaerentes
830 2012 1079 2058 libidinibus
1097 2012 1177 2058 suis
1198 2012 1484 2073 patrocinium
1506 2012 1583 2058 ali-

318 2086 443 2147 quod
464 2102 512 2132 ae
541 2087 848 2133 velamentum.
881 2086 1026 2147 Itaque
1057 2084 1176 2147 quod
1210 2101 1343 2129 unum
1371 2084 1584 2131 habebant

320 2156 365 2203 in
394 2158 515 2203 malis
547 2158 739 2214 bonum,
769 2157 987 2219 perdunt,
1017 2156 1225 2224 peccandi
1263 2156 1581 2203 verecundiam.

322 2230 516 2276 Laudant
542 2231 655 2276 enim
680 2247 728 2276 ea
752 2231 909 2292 quibus
934 2230 1267 2287 erubescebant,
1289 2244 1331 2277 et
1351 2230 1460 2275 vitio
1483 2230 1583 2292 glo-

321 2302 513 2349 riantur:
536 2303 722 2365 ideoque
744 2320 797 2347 ne
825 2303 1041 2365 resurgere
1065 2302 1240 2364 quidem
1267 2301 1582 2349 adolescentiae

320 2374 441 2431 lieet,
458 2393 557 2422 cum
584 2374 788 2423 honestus
803 2376 918 2437 turpi
939 2376 1120 2422 desidiae
1139 2376 1283 2422 titulus
1302 2375 1484 2422 acceffit.

387 2448 500 2494 XLII.
533 2448 633 2495 Hoc
661 2447 744 2507 est,
775 2465 853 2496 cur
873 2447 948 2494 ista
970 2448 1204 2510 voluptatis
1226 2447 1413 2495 laudatio
1439 2446 1584 2510 perni-
