1742 2967
276 171 369 225 312
536 157 583 202 L.
630 155 933 202 ANNAEI
979 156 1335 204 SENECAE

340 264 419 310 IV.
440 263 542 310 Hoc
561 261 699 324 ipsum
718 294 732 318 ,
753 261 923 325 inquis,
951 263 1094 310 volui.
1115 275 1246 310 teneo
1263 276 1305 311 te
1325 282 1336 314 ε
1358 265 1467 312 volo
1488 265 1558 312 vi-

277 337 411 394 dere,
433 336 668 399 quomodo
693 354 749 384 ex
778 336 843 383 his
869 336 1061 401 laqueis,
1090 338 1134 383 in
1164 355 1276 401 quos
1303 352 1376 385 tua
1403 339 1558 402 sponte

277 409 503 467 decidisti,
529 409 773 472 explicetis.
805 410 895 458 Dic
922 410 1048 467 mihi,
1071 411 1445 473 quemadmodum
1475 429 1558 475 po-

269 481 350 529 test
361 482 515 546 aliqu³s
545 483 709 529 donare
728 482 904 543 sapienti
919 520 930 537 ,
990 482 1019 528 fi
1037 484 1188 529 omnia
1210 484 1407 545 sapientis
1430 485 1557 531 sunt?

277 571 377 601 nam
397 555 441 600 id
460 571 642 617 quoque
661 555 782 617 quod
800 555 861 601 illi
880 555 1018 602 donat
1035 587 1048 610 ,
1065 555 1192 617 ipsius
1211 556 1283 602 est.
1303 558 1450 620 Itaque
1466 573 1557 603 non

276 627 419 691 potest
440 627 532 674 dari
556 628 822 676 beneficium
849 629 1028 691 sapienti
1050 648 1060 675 :
1083 629 1153 675 cui
1171 629 1386 693 quidquid
1409 632 1559 689 datur,

276 702 332 747 de
370 701 450 747 suo
487 700 626 747 datur.
659 700 775 762 arqui
806 702 950 748 dicitis
972 734 986 756 ,
1023 701 1200 763 sapienti
1239 702 1358 764 poffe
1394 704 1561 755 donari.

277 772 398 818 ldem
415 784 561 825 autem
580 789 650 818 me
670 772 779 819 scito
793 810 807 828 ‚
837 788 880 820 et
903 774 957 819 de
976 774 1126 820 amicis
1145 774 1426 838 interrogare.
1446 778 1561 822 Om-

278 845 348 894 nia
370 846 514 894 dicitis
537 846 618 893 illis
633 846 718 893 effe
737 847 993 897 communia
1010 865 1020 893 :
1039 863 1147 908 ergo
1167 864 1298 893 nemo
1318 848 1561 911 quidquam

278 919 424 968 amico
445 921 611 966 donare
633 920 800 982 potest:
825 922 958 967 donat
978 920 1095 967 enim
1116 920 1175 965 {lii
1196 922 1461 967 communia.
1483 924 1523 968 N
1529 924 1562 969 i·-

279 992 342 1040 hil
367 992 575 1056 prohibet
599 991 760 1054 aliquid
781 1007 824 1038 et
842 992 1040 1054 sapientis
1065 991 1150 1040 effe
1165 1029 1178 1049 ‚
1195 1008 1239 1039 et
1256 993 1346 1039 eius
1363 994 1438 1056 qui
1457 995 1562 1058 pos-

279 1065 413 1122 sidet,
441 1065 512 1112 cui
538 1064 686 1113 datum
706 1080 750 1112 et
776 1065 1026 1128 affignatum
1052 1065 1126 1112 est.
1155 1068 1248 1112 Iure
1277 1066 1395 1113 civili
1414 1069 1565 1115 omnia

279 1137 391 1200 regis
416 1137 540 1184 sunt:
564 1150 605 1184 et
633 1150 778 1184 tamen
803 1138 874 1184 illa
902 1155 1090 1201 quorum
1124 1139 1178 1186 ad
1203 1156 1351 1201 regem
1377 1139 1564 1201 pertinet

280 1209 478 1261 universa
491 1210 694 1273 poffeffio
711 1247 722 1267 ‚
740 1211 782 1256 in
798 1210 987 1273 singulos
1002 1210 1208 1259 dominos
1224 1211 1436 1274 descripta
1453 1212 1564 1267 sunt,

279 1295 323 1329 et
350 1299 635 1345 unaquaeque
669 1299 738 1330 res
762 1284 890 1330 habet
920 1284 1204 1346 poffess‘orem
1239 1283 1376 1333 suum.
1415 1285 1564 1347 Itaque

280 1356 382 1403 dare
398 1355 489 1419 regi
503 1368 545 1403 et
564 1358 746 1403 domum
759 1388 772 1411 ,
793 1372 835 1403 et
854 1357 1142 1419 mancipium,
1158 1367 1199 1405 et
1213 1357 1440 1417 pecuniam
1460 1358 1564 1420 pos·-

283 1427 428 1474 sumus
446 1445 458 1472 2-
479 1445 561 1480 nec
579 1429 744 1477 donare
762 1429 821 1474 illi
835 1429 887 1474 de
907 1428 984 1474 suo
1002 1429 1204 1475 dicimur.
1222 1430 1291 1475 Ad
1310 1446 1431 1492 reges
1447 1431 1566 1477 enirn

283 1503 472 1568 potestas
486 1503 687 1551 omnium
709 1503 897 1564 pertinet
913 1538 926 1560 ‚
945 1503 999 1550 ad
1019 1503 1207 1566 singulos
1225 1504 1480 1566 proprietas.
1499 1504 1568 1551 Fi-

284 1593 361 1623 nes
382 1575 709 1623 Atheniensium
730 1590 800 1621 aut
828 1577 1157 1638 Campanorum
1179 1593 1394 1624 vocamus
1412 1613 1425 1635 ‚
1455 1594 1570 1641 quos

283 1650 443 1697 deinde
477 1650 590 1699 inter
624 1651 664 1696 se
689 1649 825 1699 vicini
863 1649 1037 1711 Privata
1072 1649 1379 1697 terminatione
1414 1650 1567 1698 distin·-

284 1735 421 1787 guunt
437 1740 451 1779 3
469 1738 512 1770 et
536 1737 656 1770 totus
674 1740 775 1786 ager
803 1723 933 1769 huius
958 1737 1032 1770 aut
1056 1723 1170 1770 illius
1194 1724 1458 1787 reipublicae
1475 1725 1568 1773 esta

284 1814 383 1858 pars
413 1797 571 1843 deinde
600 1796 678 1844 suo
712 1797 900 1843 domino
931 1813 1111 1859 quoque
1139 1797 1346 1844 censetur.
1372 1798 1567 1860 ideoque

283 1870 448 1915 donare
467 1886 597 1932 agros
617 1870 794 1916 nostros
814 1869 1077 1931 reipublicae
1096 1868 1343 1931 postumus,
1363 1871 1569 1931 quamvis

283 1942 396 1989 illius
414 1942 501 1990 effe
521 1930 720 1990 dicantur
745 1960 755 1988 ε
781 1942 882 2005 quia
903 1943 1026 1989 aliter
1044 1942 1156 1988 illius
1173 1942 1297 1998 sunt,
1325 1942 1449 1988 aliter
1466 1941 1568 1994 mei.¹

286 2016 516 2079 Numquid
537 2017 721 2064 dubium
740 2017 801 2064 est
815 2050 829 2072 ⁹
849 2016 956 2080 quin
975 2016 1123 2064 servus
1141 2033 1240 2062 cum
1262 2014 1458 2078 peculio,
1486 2015 1572 2066 do·-<

283 2090 395 2135 mini
423 2089 507 2136 fit?
534 2091 607 2137 dat
634 2106 778 2138 tamen
805 2091 994 2138 domino
1015 2090 1093 2137 suo
1118 2105 1289 2135 munus.
1316 2089 1423 2134 Non
1450 2087 1570 2136 enim

284 2163 387 2209 ideo
418 2163 524 2209 nihil
551 2164 681 2212 habet
712 2166 887 2220 servus,
921 2164 1024 2227 quia
1052 2179 1143 2209 non
1172 2162 1234 2210 est
1258 2162 1503 2219 habiturus,
1538 2160 1570 2207 fi

283 2234 488 2281 dominus
503 2235 624 2282 illum
648 2237 809 2284 habere
827 2235 1040 2283 noluerit:
1060 2252 1142 2282 nec
1160 2234 1263 2281 ideo
1283 2250 1373 2280 non
1392 2234 1453 2280 est
1471 2250 1571 2278 mu-

284 2323 389 2364 nus,
419 2325 520 2354 cum
552 2310 710 2357 volens
741 2309 863 2356 dedit
883 2344 898 2366 ,
923 2308 1023 2372 quia
1055 2309 1202 2372 potuit
1236 2307 1372 2370 eripi,
1408 2303 1570 2355 etiamsi

284 2378 499 2427 noluisset.
522 2381 548 2405 *
573 2381 967 2441 Quemadmodum
991 2382 1230 2444 probemus
1253 2378 1403 2426 omnia
1429 2376 1571 2441 (nunc

284 2449 404 2499 enim
430 2451 579 2501 omnia
598 2452 801 2521 sapientis
819 2453 905 2504 effe
921 2486 937 2513 s,
967 2453 1082 2507 inter
1102 2469 1187 2502 nos
1207 2449 1441 2519 convenit)
1463 2449 1572 2502 illud
