1742 2967
267 177 355 225 192
522 162 570 208 L.
619 163 907 209 ANNAE1
956 163 1308 212 SENECAE

260 269 457 317 cidarum
489 268 690 317 ferentes.
726 270 867 331 Quod
896 262 1034 317 in'illo
1054 270 1273 319 beneficio
1300 272 1542 322 maximum

261 341 346 389 fuit
361 375 376 399 ,
397 343 503 389 tanti
521 343 854 401 iudicaverunt,
881 360 935 389 ne
955 343 1132 390 domina
1152 346 1453 405 occideretur,
1473 348 1544 394 vi·-

263 419 360 466 deri
382 418 606 465 dominam
636 416 854 464 occidisse.
874 418 980 464 Non
1000 417 1084 474 est,
1111 419 1218 465 mihi
1245 420 1397 478 crede,
1421 438 1513 467 non
1530 457 1544 479 ,

264 492 367 538 dico
385 526 397 547 ‚
428 490 593 536 servilis
618 488 780 547 animi,
802 489 1026 554 egregium
1048 490 1212 538 factum
1239 491 1356 538 fama
1379 492 1547 541 sceleris

264 561 428 608 emiffe.
449 561 501 606 C.
526 560 702 607 Vettius
717 591 730 615 ,
753 573 927 623 praetor
945 561 1188 609 Marsorum
1202 599 1215 620 ,
1239 563 1477 611 ducebatur
1493 565 1548 613 ad

263 638 514 683 Romanum
537 634 788 697 imperium.
807 637 966 684 Servus
983 635 1073 684 eius
1097 638 1286 701 gladium
1306 636 1548 701 militi‘ipffi

262 725 286 755 a
305 725 398 772 quo
418 707 696 764 trahebatur,
718 708 895 764 eduxit,
927 721 970 755 et
997 708 1187 770 primum
1213 708 1546 758 dominumroc-

262 781 367 828 cidit
385 799 396 827 t
417 779 592 834 deinde,
611 781 811 842 Tempus
829 781 904 836 est,
924 780 1089 843 inquit,
1110 799 1180 829 me
1198 794 1240 830 et
1259 782 1366 829 mihi
1389 782 1548 830 consu-

260 855 383 901 lere:
410 853 495 900 iam
523 853 754 900 dominum
783 854 1025 901 manumisi.
1044 867 1172 918 atque
1202 856 1261 902 ita
1281 856 1321 902 se
1347 873 1440 902 uno
1459 856 1549 903 iau

259 928 497 976 transiecit.
536 929 609 974 Da
639 926 746 973 mihi
771 944 1062 991 quemquam,
1089 929 1164 993 qui
1193 927 1547 993 magnificentius

265 1001 499 1049 dominum
533 999 726 1047 servarit.

331 1075 502 1121 XXIV.
520 1072 770 1120 Corfinium
790 1071 947 1119 Caesar
965 1071 1187 1119 obsidebat
1208 1090 1218 1118 ε
1237 1072 1463 1120 tenebatur
1479 1073 1550 1120 in-

262 1148 405 1195 ciusus
437 1145 680 1193 Domitius.
706 1145 947 1209 Imperavit
968 1145 1145 1192 medico
1169 1145 1399 1208 eidemque
1421 1145 1551 1194 servo

262 1222 345 1268 suo
361 1256 374 1278 ‚
403 1234 452 1266 ut
479 1218 556 1267 fibi
576 1236 796 1267 venenum
816 1219 951 1266 daret.
971 1220 1084 1266 Cum
1104 1218 1459 1283 tergiversantem
1479 1220 1549 1267 vi-

263 1294 414 1341 deret:
444 1291 566 1353 Quid
585 1291 820 1350 cunctaris,
838 1291 978 1355 inquit
996 1328 1009 1349 ,
1031 1306 1238 1355 tanquam
1262 1307 1335 1339 tua
1358 1293 1403 1338 in
1422 1304 1550 1355 pote-

264 1365 369 1412 state
390 1352 538 1410 *totum
571 1363 682 1410 istud
715 1363 796 1411 fit?
826 1379 1015 1411 mortem
1049 1380 1165 1427 rogo
1195 1376 1397 1411 armatus.
1430 1366 1550 1412 Tum

265 1437 340 1485 ille
366 1436 588 1499 promifit,
607 1453 650 1484 et
669 1437 1038 1484 medicamentum
1059 1436 1289 1483 innoxium
1310 1437 1552 1483 bibendum

266 1509 332 1555 illi
354 1509 472 1555 dedit
498 1526 510 1554 z
539 1525 630 1572 quo
654 1525 758 1555 cum
779 1506 946 1570 sopitus
967 1507 1098 1566 esset,
1129 1507 1302 1554 accessit
1332 1508 1385 1553 ad
1414 1507 1551 1554 filium

265 1583 356 1627 eius
375 1599 384 1627 t
406 1581 511 1628 lube
531 1598 628 1639 me,
651 1579 820 1642 inquit,
841 1579 1044 1628 affervari
1060 1616 1073 1638 ,
1105 1581 1208 1626 dum
1230 1596 1283 1626 ex
1303 1592 1464 1626 eventu
1484 1580 1550 1626 in-

268 1654 465 1716 telligas,
490 1669 543 1699 an
576 1669 794 1699 venenum
823 1652 932 1714 patri
959 1665 1038 1698 tuo
1063 1652 1272 1698 dederim.
1298 1652 1422 1698 Vixit
1445 1653 1549 1698 Do-

269 1727 445 1784 mitius,
470 1738 513 1772 et
531 1726 724 1772 servatus
742 1741 766 1769 a
786 1725 968 1772 Caesare
989 1724 1049 1771 est
1073 1742 1083 1770 :
1114 1725 1236 1788 prior
1258 1736 1404 1770 tamen
1429 1723 1550 1770 illum

264 1799 414 1846 servus
439 1798 702 1845 servaverat.

331 1872 486 1917 XXV.
513 1870 633 1917 Bello
654 1869 773 1916 civili
790 1905 803 1927 ‚
820 1868 1116 1930 proscriptum
1146 1866 1376 1914 dominum
1400 1866 1551 1914 servus

266 1943 515 1991 abscondit:
537 1955 579 1989 et
597 1960 695 1990 cum
710 1942 891 1989 annulos
908 1943 998 1988 eius
1017 1941 1092 1987 fibi
1108 1939 1307 2002 aptasset,
1320 1956 1369 1986 ac
1387 1938 1551 1986 vestem

266 2018 496 2073 induisset,
513 2017 858 2081 speculatoribus
880 2016 1100 2062 occurrit:
1118 2013 1224 2061 nihil
1245 2015 1284 2061 se
1305 2014 1551 2076 deprecari,

267 2107 361 2154 quo
386 2091 530 2137 minus
548 2091 755 2152 imperata
775 2102 1028 2151 peragerent
1042 2123 1055 2145 ‚
1075 2087 1205 2133 dixit:
1227 2099 1269 2133 et
1286 2087 1443 2133 deinde
1459 2103 1551 2133 cer·

269 2161 416 2208 vicem
438 2162 646 2224 porrexit.
663 2160 830 2220 Quanti
849 2161 934 2207 viri
952 2159 1033 2217 est,
1059 2178 1142 2223 pro
1163 2161 1349 2207 domino
1369 2177 1425 2208 eo
1436 2176 1551 2207 tem-

270 2250 380 2296 pore
398 2233 514 2279 mori
543 2234 650 2280 veile
668 2270 681 2289 ,
700 2250 790 2296 quo
813 2246 903 2280 erat
929 2250 1020 2279 rara
1039 2232 1144 2279 fides
1175 2234 1407 2279 dominum
1435 2232 1551 2278 mori

272 2307 411 2353 nolle?
432 2307 477 2351 in
498 2306 669 2369 publica
683 2306 934 2354 crudelitate
955 2307 1105 2353 mitem
1124 2306 1338 2361 inveniri,
1352 2306 1397 2352 in
1413 2305 1552 2368 publi·

270 2395 320 2424 ca
340 2377 518 2439 perfidia
533 2377 735 2425 fidelem?
753 2395 853 2425 cum
874 2379 1065 2440 praemia
1081 2378 1342 2441 proditionis
1360 2375 1551 2442 ingentia

273 2450 578 2511 ostendantur,
593 2451 837 2515 praemium
858 2450 983 2511 fidei,
1000 2464 1190 2500 mortem
1211 2447 1551 2514 concupiscere?
