1742 2967
387 176 487 249 DE
541 202 1009 248 BENEFICIIS
1063 205 1180 250 ΜΒ.
1235 206 1265 250 1.
1390 221 1473 265 ης

186 322 244 357 ta.
266 308 444 354 Nullum
465 308 574 370 perit
594 326 604 354 :
624 308 723 371 quia
744 310 821 371 qui
849 310 1014 371 perdit,
1035 321 1376 372 computaverat.
1397 314 1474 359 Be-

187 382 452 428 neficiorum
489 381 671 442 simplex
710 382 820 426 ratio
851 382 911 426 est
947 400 956 427 :
993 396 1159 427 tantum
1192 396 1408 444 erogatur.
1444 385 1474 430 si

186 457 337 502 reddet
360 455 553 518 aliquid,
576 456 746 501 lucrum
775 453 834 501 est
856 473 866 500 :
899 455 927 500 si
955 473 1043 501 non
1070 457 1239 513 reddet,
1265 459 1471 505 damnum

187 545 280 576 non
316 528 389 574 est.
421 531 516 591 Ego
543 528 649 574 illud
677 529 806 585 dedi,
832 543 880 574 ut
904 530 1066 574 darem.
1100 546 1234 575 nemo
1264 531 1474 577 beneficia

187 601 231 647 in
258 601 518 648 kalendario
543 602 712 648 scribit:
745 619 824 648 nec
853 618 1007 648 avarus
1033 603 1207 648 exactor
1234 604 1288 649 ad
1319 605 1473 651 boram

185 686 230 718 et
255 673 372 718 diem
403 675 669 719 creditorem
695 673 897 735 appellat.
926 675 1170 736 Nunquam
1204 675 1271 720 illa
1301 676 1370 723 vir
1391 678 1475 722 bo-

186 765 266 793 nus
295 748 484 810 cogitat,
512 747 590 793 nisi
620 747 870 793 admonitus
891 763 914 791 a
943 749 1149 795 reddente
1172 766 1181 794 :
1204 750 1398 811 alioquin
1425 752 1470 797 in

185 819 376 866 formam
398 820 552 867 crediti
573 821 808 867 transeunt.
835 822 996 882 Turpis
1015 821 1262 868 foeneratio
1282 822 1343 868 est
1360 860 1371 880 ‚
1392 824 1473 870 be-

184 894 395 940 neficium
434 894 671 956 expensum
718 892 847 940 ferre.
892 895 1220 957 Qualiscumque
1269 897 1470 958 priorum

183 979 368 1014 eventus
385 967 469 1024 est,
497 967 729 1029 persevera
747 967 788 1012 in
810 968 917 1012 alios
937 968 1150 1014 conferre.
1178 970 1331 1016 melius
1354 972 1471 1033 apud

186 1039 381 1103 ingratos
403 1041 604 1086 iacebunt
626 1058 637 1085 :
661 1057 773 1102 quos
792 1054 861 1085 aut
886 1042 1029 1101 pudor
1049 1077 1060 1095 ‚
1081 1055 1152 1087 aut
1173 1043 1347 1089 occasio
1363 1081 1375 1098 ‚
1396 1057 1469 1091 aut

184 1112 372 1158 imitatio
390 1113 625 1174 aliquando
655 1125 802 1174 gratos
831 1114 991 1173 poterit
1018 1113 1202 1160 efficere.
1237 1116 1306 1161 Ne
1334 1116 1470 1162 cessa-

186 1185 339 1231 veris:
371 1201 483 1248 opus
513 1199 638 1232 tuum
669 1202 850 1248 perage,
886 1201 928 1231 et
964 1200 1102 1248 partes
1131 1186 1237 1234 boni
1269 1187 1355 1235 viri
1386 1206 1468 1235 ex-

185 1264 377 1327 sequere·
406 1266 552 1311 Alium
583 1283 658 1322 re,
692 1266 820 1311 alium
841 1264 951 1322 fide,
982 1266 1109 1312 alium
1138 1268 1300 1330 gratia,
1335 1270 1466 1317 alium

184 1338 368 1385 contilio
387 1374 399 1393 ‚
427 1340 557 1385 alium
589 1339 831 1402 praeceptis
862 1339 1097 1387 salubribus
1116 1342 1286 1389 adiuva.

250 1414 318 1456 111.
351 1411 514 1458 Officia
542 1413 669 1458 etiam
703 1413 818 1460 ferae
848 1414 1033 1460 sentiunt
1063 1431 1074 1459 ε
1108 1430 1186 1461 nec
1214 1416 1351 1462 vllum
1376 1428 1465 1463 tam

184 1483 519 1531 immansuetum
546 1486 706 1531 animal
734 1485 822 1543 est,
856 1487 977 1549 quod
1013 1503 1103 1532 non
1137 1504 1237 1533 cura
1268 1489 1465 1552 mitiget,

181 1568 226 1602 et
247 1556 290 1602 in
314 1573 511 1602 amorem
530 1557 595 1604 sui
614 1570 767 1604 vertat.
791 1561 988 1605 Leonum
1014 1575 1092 1605 ora
1111 1576 1133 1604 a
1154 1560 1366 1622 magistris
1385 1562 1466 1607 im·-

182 1643 300 1688 pune
318 1627 556 1674 trafiiantur
571 1648 581 1676 ε
597 1630 928 1692 elephantorum
947 1630 1159 1677 feritatem
1177 1648 1310 1694 usque
1325 1632 1366 1676 in
1387 1633 1465 1679 ser·

183 1700 271 1748 vile
298 1700 561 1762 obsequium
591 1703 841 1749 demeretur
868 1703 1000 1749 cibus.
1040 1704 1164 1749 Adeo
1193 1704 1319 1749 etiam
1352 1721 1462 1766 quae

181 1787 302 1820 extra
326 1773 588 1821 intelletum
614 1791 742 1838 atque
772 1775 1116 1822 aestimationem
1145 1777 1344 1824 beneficii
1368 1778 1463 1826 sunt

181 1849 318 1911 posita
334 1882 347 1903 ‚
369 1849 582 1896 affiduitas
602 1863 745 1896 tamen
766 1850 907 1897 meriti
931 1850 1161 1913 pertinacis
1185 1852 1362 1899 evincit.
1392 1855 1462 1898 In-

181 1933 327 1983 gratus
351 1921 411 1967 est
443 1921 649 1970 adversus
676 1940 811 1969 unum
841 1923 1136 1970 beneficium?
1164 1924 1370 1972 adversus
1399 1927 1462 1972 al-

180 2005 322 2038 terum
354 2011 442 2040 non
470 1995 564 2041 erit.
593 1997 782 2041 duorum
813 1995 977 2042 oblitus
1003 1995 1094 2043 est?
1127 1998 1300 2044 tertium
1330 2000 1459 2046 etiam

157 2064 161 2069 ’
179 2079 336 2109 eorum
367 2083 479 2129 quae.³
499 2068 785 2124 exciderunt,
806 2069 1068 2114 memoriam
1089 2071 1280 2117 reducet.
1309 2073 1343 2117 ls
1364 2089 1463 2133 per-

182 2137 269 2193 dit,
301 2139 375 2200 qui
409 2139 500 2185 cito
531 2139 572 2188 se
600 2142 831 2203 perdidisse
863 2142 1012 2188 credit.
1049 2146 1106 2188 At
1135 2143 1212 2204 qui
1245 2143 1392 2201 instat,
1420 2156 1463 2191 et

180 2225 335 2257 onerat
361 2211 510 2272 priora
536 2211 837 2275 sequentibus,
869 2213 997 2259 etiam
1029 2231 1080 2259 ex
1104 2216 1216 2260 duro
1242 2232 1285 2262 et
1307 2217 1462 2264 imme-

181 2284 298 2329 mori
323 2284 499 2346 pec'tore
528 2287 709 2347 gratiam
731 2286 940 2333 extundit.
973 2287 1076 2331 Non
1104 2288 1279 2334 audebit
1305 2290 1462 2335 adver-

181 2355 250 2402 sus
276 2355 407 2402 multa
439 2359 596 2403 oculos
618 2359 829 2405 attollere.
859 2375 1127 2422 quocunque
1157 2360 1199 2406 se
1220 2363 1461 2421 convertit,

182 2431 444 2476 memoriam
475 2430 591 2476 suam
623 2430 825 2493 fugiens,
858 2431 918 2477 ibi
946 2444 988 2477 te
1018 2432 1166 2478 videat
1195 2450 1206 2478 :
1239 2433 1461 2482 beneficiis

183 2500 271 2548 tuis
295 2501 418 2547 illum
439 2502 579 2563 cinge.
607 2503 812 2561 Quorum
835 2519 945 2565 quae
964 2503 1047 2561 vis,
1064 2519 1236 2567 quaeve
1258 2507 1458 2571 proprie-

257 2567 303 2611 ἱ,
332 2570 455 2615 Ann.
486 2570 653 2614 Seneca.
678 2571 726 2616 V
721 2571 774 2615 ol.
797 2569 858 2613 II.
1174 2573 1192 2613 1
