1742 2967
271 181 364 230 300
494 167 543 214 L.
590 166 895 214 ANNAEI
944 168 1314 217 SENECAE

267 272 519 321 hominibus
541 273 717 337 plenum
732 309 746 333 ,
762 274 914 321 amicis
930 290 1135 322 vacuum.
1162 278 1209 322 ln
1235 277 1410 339 pe&ore
1428 275 1538 323 ami-

268 363 367 403 cus,
392 361 484 392 non
505 346 551 392 in
569 346 682 393 atrio
707 346 940 410 quaeritur.
963 346 1038 393 illo
1057 347 1331 409 recipiendus
1352 347 1433 403 est,
1447 348 1540 413 ‚illic

267 419 543 477 retinendus,
559 419 665 466 etin
679 420 819 467 sensus
836 420 1149 468 recondendus.
1168 422 1268 468 Hoc
1289 422 1425 477 doce,
1446 439 1541 485 gra-

266 507 335 539 tus
360 509 418 538 es.
453 492 569 539 Male
598 493 651 539 de
678 504 721 539 te
748 491 990 550 existimas,
1022 492 1051 538 fi
1076 492 1239 539 inutilis
1267 509 1337 552 es,
1369 493 1444 539 nisi
1475 494 1542 540 af-

269 564 421 620 flicto3
448 564 476 610 fi
501 564 629 612 rebus
654 563 781 611 bonis
810 563 1115 631 supervacuus.
1151 565 1542 625 Quemadmodum

270 653 314 686 te
332 638 436 684 etin
463 637 635 696 dubiis,
662 651 705 684 et
727 637 771 684 in
798 637 1013 694 adversis,
1041 654 1085 685 et
1112 638 1157 685 in
1184 639 1306 685 laetis
1333 639 1544 702 sapienter

272 712 414 776 geris,
433 724 480 759 ut
505 713 636 760 dubia
668 714 905 776 prudenter
930 714 1086 760 trafies
1101 748 1114 769 ,
1145 713 1323 760 adversa
1343 712 1544 771 fortiter,

272 785 383 832 laeta
412 786 670 833 moderate:
706 786 766 832 ita
793 785 839 832 in
867 787 1016 832 omnia
1041 787 1190 834 utilem
1214 800 1257 834 te
1289 788 1433 834 amico
1466 805 1544 834 ex-

271 856 422 905 hibere
445 873 584 921 potes.
607 857 804 905 Adversa
821 858 912 905 eius
933 858 963 904 fi
983 876 1065 908 nec
1086 859 1320 906 deserueris
1334 895 1347 917 ‚
1369 877 1450 908 nec
1467 878 1547 923 op-

273 929 460 987 taveris,
484 931 618 977 multa
648 930 959 986 nihilominus,
992 944 1041 977 ut
1069 948 1159 978 non
1188 943 1338 994 optes,
1365 932 1410 977 in
1432 946 1550 980 tanta

275 1002 507 1061 varietate,
529 1019 640 1065 quae
665 1002 742 1049 tibi
762 1005 989 1066 materiam
1012 1004 1279 1051 exercendae
1304 1002 1406 1050 fidei
1429 1021 1552 1066 prae-

275 1073 668 1133 beant‚·incident.
704 1077 1092 1136 Quemadmodum
1125 1077 1199 1141 qui
1226 1067 1351 1139 optat
1379 1077 1552 1125 divitias

277 1147 404 1195 aiicui
426 1147 472 1194 in
500 1147 615 1205 hoc,
642 1159 690 1194 ut
719 1147 888 1195 illarum
914 1165 1081 1213 partem
1107 1150 1195 1216 ipse
1221 1148 1359 1204 ferat,
1392 1166 1550 1211 quam-

279 1219 346 1267 vis
368 1236 452 1282 pro
483 1219 559 1266 illo
581 1219 782 1267 videatur
809 1235 961 1284 optare
977 1256 991 1278 ‚
1022 1223 1099 1269 fibi
1123 1221 1335 1284 prospicit
1356 1239 1366 1268 ε
1395 1221 1451 1268 fic
1477 1221 1553 1284 qui

279 1302 405 1354 optat
427 1292 573 1338 amico
603 1291 792 1355 aliquam
824 1295 1111 1340 neceffitatem
1131 1329 1144 1350 ,
1177 1309 1305 1355 quam
1333 1293 1554 1340 adiutorio

282 1362 362 1409 suo
380 1362 552 1426 fideque
578 1363 805 1411 discutiat:
831 1366 953 1427 quod
978 1365 1037 1412 est
1061 1365 1250 1429 ingrati,
1277 1364 1318 1411 se
1340 1364 1402 1411 illi
1427 1382 1554 1427 prae-

283 1435 380 1493 fert,
399 1447 442 1483 et
453 1435 559 1482 tanti
578 1434 770 1483 aestimat
793 1437 915 1484 illum
937 1437 1140 1484 miserum
1161 1437 1266 1495 effe,
1284 1450 1331 1483 ut
1354 1437 1442 1500 ipse
1462 1454 1554 1500 gra-

283 1524 352 1557 tus
375 1509 448 1564 fit,
481 1510 541 1556 ob
571 1510 658 1556 hoc
686 1509 825 1573 ipsum
853 1511 1055 1574 ingratus.
1088 1513 1338 1557 Exonerare
1369 1511 1487 1557 enirn
1514 1511 1555 1558 se

284 1581 407 1639 vult,
428 1594 470 1628 et
497 1597 545 1629 ut
569 1582 693 1645 gravi
720 1582 883 1629 sarcina
908 1584 1102 1630 liberare.
1140 1583 1327 1629 Multum
1357 1582 1556 1638 interest,

289 1667 435 1700 utrum
470 1670 677 1716 properes
708 1654 869 1701 referre
902 1655 1107 1719 gratiam,
1136 1668 1184 1700 ut
1208 1654 1360 1701 reddas
1389 1654 1556 1702 benefi-

287 1727 434 1782 cium3
458 1744 512 1774 an
538 1744 592 1774 ne
610 1728 779 1775 debeas.
796 1729 887 1788 Qui
907 1729 1087 1776 reddere
1104 1729 1198 1775 vuit
1214 1764 1227 1786 ,
1244 1728 1354 1774 illius
1370 1728 1411 1774 se
1429 1745 1557 1774 com-

286 1802 428 1847 modo
452 1802 635 1863 aptabit,
654 1814 696 1848 et
719 1803 926 1849 idoneum
952 1802 1014 1849 illi
1044 1801 1195 1849 venire
1221 1813 1389 1863 tempus
1415 1801 1555 1846 volet:

287 1874 364 1933 qui
395 1873 500 1920 nihil
529 1874 646 1920 aliud
674 1891 803 1937 quam
829 1874 916 1937 ipse
948 1874 1120 1921 liberari
1150 1874 1272 1929 vult,
1299 1875 1556 1936 quomodo-

292 1962 463 2008 cunque
483 1947 536 1991 ad
562 1946 648 1993 hoc
672 1947 816 2010 cupiet
837 1946 1065 2010 pervenire
1089 1965 1099 1993 :
1128 1946 1250 2009 quod
1273 1944 1334 1992 est
1355 1945 1559 2008 peffimae

289 2019 542 2067 voluntatis.
746 2030 750 2034 '

356 2093 555 2140 XXXV.
600 2091 706 2148 Ista,
737 2091 946 2156 inquam,
982 2090 1116 2137 nimia
1151 2089 1366 2138 festinatio
1402 2091 1577 2154 ingrati-

293 2164 364 2212 cst.
392 2164 437 2210 id
464 2165 651 2228 apertius
670 2166 912 2228 exprimere
939 2181 1030 2211 non
1060 2164 1231 2228 possum
1248 2197 1263 2219 ,
1287 2181 1416 2228 quam
1444 2165 1471 2209 fi
1492 2180 1562 2210 re-

294 2240 498 2300 petivere
527 2240 649 2302 qued
671 2239 771 2286 dixi.
810 2240 915 2284 Non
938 2239 1005 2285 vis
1026 2239 1206 2285 reddere
1234 2253 1458 2300 acceptum
1488 2238 1562 2282 be·-

299 2309 531 2369 neficium‚
561 2311 632 2358 sed
659 2311 862 2375 effugere.
894 2312 995 2358 Hoc
1024 2312 1168 2358 dicere
1199 2311 1383 2366 videris,
1412 2311 1564 2370 Quan-

297 2384 356 2429 do
376 2383 457 2431 isto
477 2385 668 2433 carebo?
705 2401 969 2450 quocunque
987 2387 1126 2432 modo
1147 2385 1251 2431 mihi
1276 2385 1558 2430 laborandum

298 2457 386 2516 est,
412 2474 464 2504 ne
492 2458 559 2505 isti
579 2459 793 2523 obligatus
822 2458 911 2507 fim.
939 2459 982 2505 Si
1011 2471 1181 2523 optares
1212 2472 1257 2506 ut
1285 2459 1345 2504 illi
1377 2459 1563 2504 solveres
