1742 2967
270 160 360 200 272
531 143 576 188 L.
624 132 927 188 ammei
971 141 1324 189 SENECAE

267 266 401 297 cuum
429 247 516 304 est,
544 247 721 312 prodest
747 247 1029 311 cognoscere.
1063 249 1131 294 Ex
1160 248 1285 296 vultu
1311 248 1444 312 igitur
1467 264 1547 298 tuo

267 322 472 385 pendebo
489 358 503 380 ,
524 334 659 384 prout
680 320 752 367 ille
772 320 944 366 suaserit
968 319 1076 366 mihi
1095 337 1106 365 :
1126 320 1205 368 alia
1230 321 1438 368 detinebo
1462 323 1550 369 diu-

269 396 384 450 tius,
410 394 490 441 alia
516 393 730 456 expellam
746 427 760 449 ,
787 402 830 437 et
853 390 992 454 capite
1021 407 1159 454 agam.

331 471 383 515 Π.
404 469 475 514 An
493 465 756 513 beneficium
776 464 888 527 eripi
908 463 1061 527 poffit,
1082 462 1321 528 quaefitum
1338 465 1413 511 est.
1434 466 1547 528 Qui0

267 543 368 589 dam
391 552 549 603 negant
567 538 702 602 poffe.
731 554 822 584 non
852 538 970 582 enim
986 553 1054 583 res
1082 536 1167 591 est,
1187 537 1259 583 sed
1277 537 1410 584 affio:
1434 556 1549 603 quo-

266 614 408 661 modo
433 613 548 659 aliud
568 612 630 659 est
649 627 834 668 munus,
853 610 971 657 aliud
988 610 1079 672 ipsa
1103 610 1287 657 donatio
1305 629 1318 665 3
1339 611 1453 659 aliud
1472 613 1547 676 qui
1604 609 1607 615 '

266 688 474 751 navigat,
495 685 613 731 aliud
643 683 882 747 navigatio.
918 686 973 729 Et
1001 685 1204 745 quamvis
1229 701 1354 748 aeger
1378 684 1469 732 non
1500 687 1549 734 fit

266 759 356 807 fine
375 759 561 816 morbo,
592 773 684 803 non
713 768 858 802 tamen
879 755 995 802 idern
1029 757 1088 802 est
1116 774 1244 819 aeger
1267 771 1311 805 et
1338 759 1548 805 morbus:

268 834 327 880 ita
343 833 460 879 aliud
473 831 535 879 est
555 829 816 878 beneficium
838 830 996 891 ipsum,
1019 830 1152 885 ahud,
1172 833 1295 894 quod
1317 832 1371 878 ad
1391 850 1552 880 unum-

269 922 491 970 quemque
508 903 704 950 nostrum
724 901 946 947 beneficio
965 904 1183 964 pervenit.
1211 905 1319 950 Illud
1338 905 1550 966 incorpo-

270 980 358 1026 rale
378 979 465 1035 est,
491 976 662 1023 irritum
692 990 782 1021 non
803 972 853 1019 fit
879 992 889 1019 :
911 976 1092 1020 materia
1120 993 1232 1022 vero
1264 977 1377 1024 illius
1404 980 1489 1026 huc
1507 992 1551 1024 et

271 1050 373 1098 illuc
389 1051 594 1105 iactatur,
620 1061 663 1097 et
681 1047 910 1095 dominum
936 1060 1088 1119 mutat.
1108 1051 1257 1112 Itaque
1278 1068 1379 1097 cum
1396 1051 1551 1114 eripis,

272 1127 362 1190 ipsa
385 1141 532 1172 rerum
558 1135 708 1170 natura
734 1138 947 1169 revocare
976 1123 1098 1185 quod
1130 1124 1249 1170 dedit
1279 1141 1368 1171 non
1398 1125 1553 1187 potest.

274 1198 491 1246 Beneficia
519 1197 590 1244 sua
616 1197 927 1259 interrumpit,
957 1212 1049 1242 non
1078 1197 1294 1243 rescindit.
1332 1198 1426 1259 Qui
1455 1214 1554 1244 mo-

272 1272 409 1325 ritur,
441 1281 589 1316 tamen
610 1268 721 1316 vixit
742 1286 753 1314 :
777 1269 852 1331 qui
882 1268 1022 1314 amisit
1048 1269 1229 1326 oculos,
1258 1281 1405 1316 tamen
1430 1270 1555 1317 vidit.

274 1346 403 1404 Quae
426 1342 481 1388 ad
504 1358 585 1388 nos
604 1351 922 1404 pervenerunt,
951 1358 1006 1387 ne
1026 1341 1134 1397 fint,
1166 1342 1279 1388 effici
1308 1342 1475 1404 potest:
1503 1360 1557 1390 ne

275 1418 464 1475 fuerint,
491 1433 582 1463 non
607 1415 762 1479 potest.
790 1431 887 1478 pars
915 1427 1059 1462 autem
1088 1415 1291 1462 beneficii
1316 1431 1359 1463 et
1378 1417 1557 1480 quidem

276 1492 505 1540 certiffima
534 1490 621 1547 est,
653 1506 763 1553 quae
794 1489 891 1536 fuit.
921 1491 1254 1553 Nonnunquam
1285 1491 1364 1538 usu
1385 1492 1558 1538 benefi-

273 1567 333 1615 cii
351 1565 553 1629 longiore
573 1563 885 1627 prohibemur,
915 1561 1179 1610 beneficium
1209 1565 1389 1626 quidem
1417 1566 1558 1627 ipsum

276 1656 370 1685 non
393 1637 599 1684 eraditur.
627 1636 750 1682 Licet
770 1651 926 1682 omnes
954 1635 999 1680 in
1027 1636 1113 1682 hoc
1143 1636 1257 1682 vires
1285 1636 1376 1682 suas
1407 1649 1559 1683 natura

276 1712 493 1768 advocet,
526 1723 647 1757 retro
676 1708 740 1754 illi
773 1724 898 1771 agere
930 1707 971 1756 se
1009 1725 1100 1755 non
1126 1708 1241 1755 licet.
1274 1708 1419 1755 Potest
1450 1709 1562 1771 eripi

277 1785 435 1831 domus
448 1818 460 1839 ,
479 1797 522 1830 et
551 1779 736 1845 pecunia
755 1815 769 1835 ‚
791 1796 834 1827 et
854 1780 1148 1843 mancipium,
1174 1795 1219 1826 et
1243 1779 1457 1843 quidquid
1477 1780 1560 1838 est,

276 1859 323 1904 in
352 1874 443 1920 quo
475 1855 606 1902 haesit
633 1853 838 1902 beneficii
870 1871 1035 1901 nomen
1062 1872 1072 1900 ε
1106 1854 1248 1916 ipsum
1274 1871 1385 1901 vero
1413 1853 1560 1900 stabile

276 1941 321 1976 et
344 1930 582 1976 immotum
609 1926 683 1974 est.
714 1928 842 1974 Nulla
873 1929 942 1976 vis
969 1927 1158 1983 efficiet,
1187 1944 1241 1974 ne
1269 1927 1342 1974 hic
1367 1927 1562 1984 dederit,

279 2020 335 2050 ne
353 2002 424 2048 ille
443 2001 673 2064 acceperit.

342 2079 417 2123 111.
439 2073 622 2139 Egregie
642 2074 751 2119 mihi
781 2073 958 2122 videtur
988 2077 1049 2120 M.
1079 2072 1298 2121 Antonius
1328 2072 1446 2136 apud
1474 2073 1562 2118 Ra-

279 2149 439 2196 birium
471 2149 650 2213 poetam
667 2184 683 2205 ‚
712 2165 813 2194 cum
849 2147 1073 2194 fortunam
1113 2148 1230 2194 suam
1264 2146 1562 2193 transeuntem

281 2224 367 2270 alio
386 2223 585 2279 videbat,
608 2234 650 2268 et
676 2221 752 2267 fibi
779 2221 884 2267 nihil
909 2221 1106 2268 relifflum
1122 2257 1136 2278 ,
1167 2233 1339 2282 praeter
1357 2220 1424 2266 ius
1441 2236 1562 2265 mor-

282 2295 358 2352 tis,
389 2295 434 2341 id
453 2311 632 2358 quoque
657 2293 688 2339 fi
708 2295 801 2341 cito
821 2294 1106 2357 occupaverit
1126 2329 1141 2352 ‚
1159 2293 1403 2339 exclamare
1425 2309 1436 2339 :
1459 2292 1563 2337 Hoc

284 2368 428 2415 habeo
446 2404 459 2425 ‚
485 2369 785 2432 quodcunque
810 2368 926 2415 dedi.
963 2370 1010 2414 O
1043 2381 1255 2431 quantum
1286 2368 1445 2413 habere
1475 2381 1562 2428 po-

284 2441 392 2502 tuit,
422 2441 455 2489 fi
481 2440 716 2493 voluisset!
741 2442 833 2489 Hae
863 2440 961 2490 sunt
989 2441 1169 2492 divitiae
1198 2447 1342 2489 certae
1360 2474 1376 2501 ,
1393 2438 1439 2486 in
1458 2454 1563 2503 qua-
