1742 2967
275 131 367 191 264
531 135 579 180 L.
625 135 915 183 ANNAEI
964 139 1318 187 SENECAE

269 241 399 287 tanda
423 240 484 291 est
501 241 658 291 dantis.
682 243 950 291 Beneficium
969 245 1007 292 ei
1031 246 1150 293 dedit
1165 283 1177 305 ,
1203 247 1273 295 cui
1293 248 1442 296 datum
1463 265 1554 297 vo-

267 311 364 360 luit.
397 313 516 361 Sicut
543 314 574 360 fi
596 314 641 360 in
668 316 802 377 patris
826 316 1046 364 honorem
1075 317 1204 378 fecit,
1234 333 1358 382 pater
1387 322 1556 384 accepit

266 386 535 435 beneficium
566 407 577 435 :
611 390 683 436 sed
718 405 842 452 pater
880 390 1100 438 beneficio
1136 393 1181 439 in
1217 393 1353 440 filium
1393 395 1556 442 collato

265 477 358 507 non
385 462 603 526 obligatur
620 498 634 522 ‚
667 463 800 510 etiam
829 464 861 510 fi
888 463 1062 511 fruitur.
1105 465 1149 511 Si
1177 479 1322 513 tamen
1352 468 1554 514 occasio-

266 550 368 580 nem
395 535 622 594 habuerit,
651 536 776 583 volet
807 548 850 583 et
873 536 962 598 ipse
989 538 1202 599 praestare
1230 539 1398 601 aliquid
1420 557 1431 584 :
1462 557 1553 586 non

265 619 474 672 tanquam
493 609 697 656 solvendi
722 609 1015 657 necessitatem
1046 611 1227 670 habeat,
1250 612 1321 661 sed
1345 627 1553 676 tanquam

265 680 507 743 incipiendi
541 685 726 731 causam.
779 685 937 746 Repeti
966 702 990 730 a
1018 698 1139 747 patre
1174 685 1439 733 beneficium
1462 704 1555 734 non

265 754 397 801 debet
417 773 427 801 :
450 754 479 800 fi
515 756 623 818 quid
659 773 740 818 pro
768 756 855 803 hoc
885 757 1069 819 benigne
1100 756 1236 814 facit,
1265 757 1396 805 iustus
1416 795 1430 815 ‚
1463 775 1556 805 non

265 840 411 891 gratus
433 828 507 876 est.
523 831 639 876 Nam
654 830 763 877 illud
781 829 897 875 finiri
914 847 1005 876 non
1025 830 1168 891 potest
1187 847 1197 875 ε
1215 831 1245 875 fi
1268 831 1378 892 patri
1399 832 1459 877 do
1479 831 1556 878 be-

265 898 500 960 neficium,
525 915 568 948 et
585 902 746 958 matri,
775 915 818 947 et
836 917 949 959 avo,
978 914 1021 947 et
1042 902 1262 947 avunculo
1279 937 1293 959 ‚
1318 917 1361 948 et
1382 902 1556 959 liberis,

265 986 310 1025 et
349 975 582 1030 affinibus,
611 989 656 1022 et
681 976 859 1031 amicis,
895 988 939 1021 et
968 976 1132 1032 servis,
1165 989 1208 1021 et
1243 975 1419 1037 patriae.
1462 975 1554 1021 Ubi

267 1063 378 1111 ergo
408 1048 674 1096 beneficium
706 1049 861 1111 incipit
893 1048 1034 1095 stare?
1058 1048 1220 1094 Sorites
1251 1047 1370 1093 enim
1395 1047 1466 1093 ille
1485 1048 1554 1093 in·-

266 1121 539 1183 explicabilis
560 1121 702 1168 subit:
732 1122 804 1169 cui
835 1122 1014 1168 difficile
1046 1121 1107 1167 est
1134 1120 1319 1166 modum
1349 1120 1557 1182 impone-

266 1212 340 1252 re,
368 1196 470 1259 quia
505 1197 714 1259 paulatim
747 1197 1027 1258 surrepit‚et
1057 1211 1150 1241 non
1186 1194 1338 1241 definit
1372 1195 1556 1258 serpere.

267 1267 377 1314 Illud
411 1267 520 1315 solet
542 1268 694 1331 quaeri
720 1286 731 1314 ε
763 1271 932 1314 Fratres
960 1269 1051 1314 duo
1079 1267 1292 1313 diffident.
1321 1266 1352 1311 fi
1376 1268 1555 1314 alterum

267 1340 425 1399 servo,
456 1358 513 1388 an
544 1343 646 1389 dem
670 1340 935 1388 beneficium
966 1339 1035 1395 ei,
1061 1340 1137 1401 qui
1169 1339 1344 1385 fratrem
1366 1339 1556 1387 invisum

268 1430 362 1461 non
386 1414 560 1477 periiffe
581 1413 763 1464 moleste
798 1415 961 1460 laturus
992 1411 1089 1458 est?
1119 1413 1224 1457 Non
1251 1411 1313 1457 est
1338 1412 1520 1458 dubium
1541 1449 1556 1470 ,
1623 1471 1626 1472 7

268 1488 376 1552 quin
395 1488 662 1536 beneficium
683 1488 735 1536 fit
756 1490 887 1535 etiam
913 1487 1059 1534 invito
1085 1485 1287 1549 prodefl'e
1309 1504 1320 1533 :
1340 1486 1447 1534 ficut
1463 1503 1556 1534 non

268 1562 390 1608 dedit
415 1560 707 1617 beneficium,
737 1561 816 1626 qui
840 1561 1007 1608 invitus
1044 1560 1228 1623 profuit.

332 1636 441 1681 XX.
463 1633 756 1692 Beneficium,
781 1633 945 1698 inquit,
976 1648 1131 1689 vocas,
1153 1649 1246 1696 quo
1274 1632 1344 1682 ille
1364 1633 1557 1682 offendi-

268 1715 360 1762 tur,
393 1723 488 1771 quo
512 1706 780 1770 torquetur?
819 1705 961 1751 Multa
991 1703 1202 1751 beneficia
1232 1704 1396 1752 tristem
1430 1705 1557 1751 fron·
1584 1721 1587 1724 ’

268 1794 358 1827 tem
375 1793 417 1827 et
437 1780 630 1844 asperam
649 1781 825 1838 habent,
844 1778 1222 1844 quemadmodum
1235 1779 1377 1826 secare
1393 1791 1436 1825 et
1454 1796 1557 1827 ure*-

267 1869 317 1900 re
341 1866 392 1900 ut
422 1852 566 1911 sanes,
597 1866 639 1901 et
664 1853 852 1900 vinculis
883 1852 1106 1899 coercere.
1138 1852 1245 1897 Non
1273 1850 1334 1898 est
1360 1851 1556 1914 specstan-

269 1928 378 1972 dum
398 1944 452 1973 an
483 1928 630 1974 doleat
660 1927 758 1989 quis
782 1924 1003 1973 beneficio
1033 1937 1247 1987 accepto:
1272 1925 1346 1971 sed
1377 1942 1431 1971 an
1449 1941 1558 1988 gau-

223 1990 226 1993 Α
271 1999 376 2045 dere
397 1999 567 2046 debeat.
593 2000 699 2045 Non
730 1997 791 2044 est
820 1998 956 2044 malus
986 1997 1214 2055 denarius,
1243 2014 1374 2061 quem
1399 1998 1560 2045 barba-

271 2087 347 2118 rus
372 2084 417 2119 et
449 2072 626 2135 ignarus
658 2071 828 2118 formae
856 2069 1058 2133 publicae
1087 2069 1250 2116 reiecit.
1288 2070 1560 2118 Beneficium

271 2160 315 2192 et
345 2145 474 2204 odit,
505 2159 549 2193 et
577 2145 749 2207 accepit
773 2161 784 2190 :
812 2144 842 2189 fi
877 2142 1017 2190 modo
1045 2142 1088 2188 id
1122 2141 1328 2204 prodest,
1354 2143 1385 2188 fi
1415 2143 1450 2190 is
1481 2141 1559 2206 qui

273 2219 429 2278 dabat,
448 2231 499 2266 ut
518 2219 741 2283 prodesset
769 2217 900 2264 dedit.
920 2216 1029 2262 nihil
1050 2214 1184 2262 refert
1207 2232 1262 2262 an
1279 2215 1443 2262 bonam
1461 2233 1558 2262 rem

272 2292 392 2338 malo
409 2291 561 2338 animo
588 2291 685 2355 quis
708 2290 908 2353 accipiat.
945 2288 1144 2352 Agedum
1161 2324 1175 2347 ,
1200 2289 1287 2335 hoc
1315 2288 1360 2334 in
1384 2299 1558 2336 contra-

270 2363 387 2409 rium
417 2377 559 2411 verte.
594 2364 708 2410 Odit
736 2363 917 2409 fratrem
948 2363 1074 2410 suum
1092 2397 1106 2418 ‚
1136 2379 1267 2425 quem
1291 2362 1350 2408 illi
1379 2361 1558 2424 expedit
1611 2358 1613 2362 ’

271 2435 458 2484 habere:
486 2440 602 2485 hunc
622 2453 707 2501 ego
730 2436 889 2484 occidi.
909 2453 1000 2483 non
1020 2434 1082 2481 est
1100 2433 1383 2492 beneficium,
1406 2450 1557 2497 quam·
