1742 2967
324 198 386 243 68
582 196 629 242 L·
676 195 969 240 ANNAEI
1019 194 1368 240 SENECAE

388 303 510 349 XVI.
542 302 639 349 Nec
667 301 729 348 est
760 301 883 364 quod
910 302 995 347 hoc
1020 315 1277 364 argumento
1309 300 1483 364 probari
1502 316 1585 364 pu-

320 388 383 423 tes
403 411 416 431 ‚
438 376 609 438 longam
635 375 732 420 illos
763 390 888 436 agere
916 374 1077 431 vitam,
1102 375 1204 437 quia
1228 374 1445 420 interdum
1467 391 1587 420 mor-

313 459 406 493 ⁴tem
442 447 666 493 invocant.
703 447 844 492 Vexat
875 445 972 492 iilos
1002 445 1290 507 imprudentia
1317 446 1492 492 incertis
1519 445 1586 491 af-

319 521 501 568 feffibus
514 556 528 576 ,
545 532 587 567 et
610 518 925 566 incurrentibus
943 519 986 565 in
1006 518 1095 582 ipsa
1113 535 1222 582 quae
1240 531 1456 565 metuunt.
1473 534 1588 565 mor-

315 605 406 639 tem
436 591 560 654 saepe
590 590 692 637 ideo
725 605 902 654 optant,
937 590 1039 654 quia
1067 590 1235 637 timent.
1272 590 1378 636 Illud
1406 605 1589 653 quoque

317 677 619 727 argumentum
643 679 732 710 non
758 663 843 721 est,
871 663 993 727 quod
1018 676 1168 726 putes,
1199 662 1275 709 diu
1307 662 1552 710 viventium
1570 697 1586 720 ,

312 737 439 799 ‘quod
463 736 586 799 saepe
610 736 690 782 illis
710 736 864 799 longus
886 736 1064 784 videtur
1089 735 1206 781 dies:
1234 734 1355 797 quod
1379 736 1480 781 dum
1504 752 1585 782 ve-

317 808 436 855 niant
457 809 511 854 ad
531 809 781 855 condiCium
814 821 985 872 tempus
1010 825 1198 863 coenae,
1232 807 1353 854 tarde
1374 807 1437 854 ire
1458 808 1588 855 horas

315 895 574 946 queruntur.
602 900 699 928 nam
723 881 752 927 si
780 883 957 945 quando
982 882 1077 927 illos
1104 881 1302 927 deserunt
1330 879 1586 941 occupatio-

314 973 393 1003 nes
410 991 424 1013 ,
452 955 496 1002 in
515 956 611 1002 otio
628 956 764 1003 reliffi
784 955 975 1002 aestuant
989 991 1004 1011 ‚
1032 971 1111 1002 nec
1129 954 1360 1018 quomodo
1378 954 1422 999 id
1439 953 1586 1016 dispo-

316 1046 418 1076 nant
434 1063 448 1085 ‚
469 1043 539 1076 aut
559 1030 782 1076 extrahant
802 1065 815 1088 ,
835 1029 985 1076 sciunt.
1002 1030 1151 1092 Itaque
1175 1028 1230 1074 ad
1251 1027 1586 1089 occupationem

313 1102 504 1165 aliquam
534 1102 746 1160 tendunt,
778 1115 819 1148 et
840 1102 962 1165 quod
982 1101 1229 1158 interiacet,
1253 1116 1386 1146 omne
1409 1113 1584 1162 tempus

313 1191 446 1238 grave
471 1172 557 1219 est:
578 1185 666 1218 tam
694 1173 969 1230 mehercule,
1000 1189 1132 1235 quam
1151 1189 1252 1218 cum
1275 1171 1364 1217 dies
1391 1172 1584 1218 muneris

306 1245 555 1309 gladiatorii
582 1244 748 1292 edicius
767 1245 848 1300 est,
875 1257 948 1291 aut
972 1262 1070 1292 cum
1101 1244 1280 1291 alicuius
1310 1243 1483 1290 alterius
1513 1243 1584 1291 vel

311 1317 544 1381 spectaculi
578 1316 650 1364 vel
685 1317 922 1380 voluptatis
958 1317 1227 1379 exspeRatur
1261 1315 1540 1363 constitutum
1568 1351 1584 1373 ,

312 1391 519 1438 transilire
538 1390 709 1437 medios
730 1390 819 1437 dies
844 1390 1014 1436 volunt.
1035 1391 1193 1436 Omnis
1217 1390 1297 1436 illis
1314 1390 1499 1451 speratae
1517 1390 1581 1437 rei

311 1465 439 1528 longa
459 1464 607 1511 dilatio
627 1457 712 1511 est(
728 1467 784 1511 At
805 1464 911 1508 ss‘nd
935 1477 1129 1525 tempus,
1147 1463 1268 1525 quod
1288 1472 1456 1519 amant,
1480 1463 1580 1510 bre-

310 1554 368 1584 ve
392 1537 473 1594 est,
503 1551 545 1584 et
566 1553 790 1599 praeceps,
809 1536 1075 1599 breviusque
1099 1536 1239 1582 multo
1264 1535 1312 1581 fit
1330 1537 1408 1581 suo
1438 1536 1581 1583 vitio:

311 1609 484 1655 aliunde
514 1610 630 1655 enim
657 1608 742 1654 alio
772 1606 1088 1670 transfugiunt,
1115 1621 1157 1653 et
1177 1607 1405 1654 consistere
1425 1607 1468 1653 in
1494 1625 1580 1654 una

307 1681 545 1741 cupiditate
569 1698 659 1727 non
678 1679 868 1743 poffunt.
893 1695 984 1725 non
1002 1680 1096 1726 sunt
1113 1680 1196 1729 illis
1221 1681 1342 1745 longi
1363 1683 1478 1739 dies,
1506 1680 1580 1728 sed

307 1752 449 1799 invisi.
480 1756 537 1799 At
571 1768 758 1809 contra,
791 1768 922 1815 quam
955 1753 1134 1815 exi-guae
1166 1755 1316 1801 no&es
1346 1755 1580 1812 videntur,

303 1841 411 1887 quas
429 1825 473 1871 in
493 1826 728 1889 complexu
748 1824 994 1871 scortorum
1007 1838 1109 1884 ,aut
1129 1827 1237 1875 vino
1255 1827 1461 1890 exigunt?
1476 1828 1578 1874 Inde

302 1896 434 1942 etiam
455 1911 682 1959 poetarum
702 1895 849 1952 furor,
870 1896 1024 1943 fabulis
1044 1898 1257 1945 humanos
1277 1914 1444 1945 errores
1461 1900 1576 1945 alen·

302 1968 413 2015 tium
427 2006 440 2025 ‚
461 1970 620 2033 quibus
639 1969 754 2016 visus
777 1967 837 2015 est
856 1970 1017 2032 Iupiter
1032 2007 1046 2027 ,
1066 1973 1293 2034 voluptate
1318 1973 1577 2021 concubitus

302 2041 529 2099 delinitus,
553 2041 783 2104 duplicasse
802 2043 987 2090 nostem.
1004 2044 1128 2103 Quid
1149 2045 1264 2092 aliud
1290 2045 1349 2093 est
1364 2047 1470 2095 vitia
1489 2064 1576 2094 no-

300 2112 384 2158 stra
412 2113 646 2161 incendere
664 2147 678 2169 ‚
699 2130 828 2177 quam
856 2115 1055 2161 aussores
1084 2116 1166 2162 illis
1192 2118 1424 2164 inscribere
1440 2120 1577 2178 deos,

301 2198 347 2232 et
376 2185 476 2232 dare
507 2186 694 2244 morbo,
724 2188 927 2250 exemplo
956 2188 1222 2247 divinitatis,
1250 2190 1490 2237 excusatam
1520 2192 1574 2237 li-

301 2257 520 2305 centiam?
541 2260 720 2306 Poffunt
735 2260 820 2306 istis
833 2277 924 2307 non
945 2260 1216 2308 breviffimae
1235 2263 1374 2308 videri
1395 2264 1539 2309 nofles
1556 2298 1572 2320 ‚

298 2346 405 2392 quas
425 2342 510 2377 tam
538 2348 634 2377 care
655 2337 934 2379 mercantur?
956 2334 1070 2379 diem
1101 2335 1237 2381 nofiis
1255 2336 1572 2397 exspectatione

299 2403 485 2463 perdunt
502 2440 514 2460 ,
538 2405 712 2451 no&em
738 2405 844 2470 luci}
863 2420 994 2452 metu.
1015 2406 1130 2467 Ipsae
1151 2409 1395 2468 voluptates
1416 2423 1570 2453 eorum

299 2473 515 2535 trepidae,
533 2490 573 2522 ct
595 2477 726 2522 variis
747 2478 982 2523 terroribus
1002 2478 1218 2541 inquietae
1238 2478 1353 2535 sunt,
1374 2477 1569 2540 stabitque
