1742 2967
370 95 462 142 με)
608 80 657 127 L.
693 81 987 129 ANNAEI
1039 82 1390 135 SENECAE
1440 62 1444 67 ’

366 204 457 233 non
490 188 675 233 mentiar
693 224 705 245 ‚
728 189 756 234 fi
778 188 918 236 dicam
945 207 1017 237 me
1036 191 1196 240 habere
1220 191 1265 239 in
1285 193 1550 257 equestribus
1574 194 1646 246 lo-

364 263 585 309 cuam-sed
607 280 704 309 cum
726 263 770 308 in
792 264 1008 310 theatrum
1039 265 1170 321 veni,
1190 265 1217 311 fi
1237 266 1363 327 plena
1390 267 1485 315 sunt
1508 287 1646 333 eque-

365 339 492 402 stria,
525 353 567 384 et
596 339 690 384 iure
718 338 859 385 habeo
888 339 1033 386 locum
1075 339 1163 387 illic
1182 377 1194 396 ,
1229 342 1331 404 quia
1363 343 1508 390 sedere
1539 345 1647 393 mihi

364 411 495 458 licet:
524 423 566 456 et
596 427 685 456 non
710 412 882 468 habet),
913 412 1013 474 quia
1045 413 1098 458 ab
1132 413 1226 468 his,
1257 431 1357 460 cum
1390 416 1547 478 quibus
1580 418 1647 465 ius

364 485 473 531 mihi
502 483 591 531 loci
625 502 862 532 commune
892 485 953 532 est
973 523 986 543 ‚
1019 504 1263 550 occupatus
1289 488 1362 536 est.
1389 490 1507 538 Idem
1536 491 1648 540 inter

364 560 530 606 amicos
556 574 659 620 puta
679 558 788 607 fieri,
820 561 1050 624 Quidquid
1075 562 1203 609 habet
1227 563 1414 620 amicus,
1444 579 1648 614 commu-

365 651 420 680 ne
438 632 498 680 est
517 633 643 679 nobis
664 650 674 676 ε
697 632 767 679 sed
786 634 897 679 illius
921 634 1153 696 proprium
1184 634 1272 690 est,
1304 635 1378 698 qui
1397 650 1525 685 tenet.
1551 639 1613 686 uti
1634 675 1647 697 ‚

362 706 440 752 illo
475 706 651 753 nolente
672 744 684 765 ‚
716 723 807 753 non
838 707 1022 769 possum.
1062 707 1248 754 Derides
1282 726 1380 767 me,
1411 705 1570 773 inquis.
1603 712 1648 758 Si

366 782 489 833 Quod
515 780 642 828 amici
662 780 749 837 est,
772 798 916 826 meum
933 780 1016 839 est,
1038 782 1162 828 liceat
1182 782 1290 828 mihi
1311 784 1518 830 vendere.
1541 786 1648 831 Non

364 856 480 902 licet.
513 872 612 901 nam
645 871 724 902 nec
756 853 998 916 equestria,
1027 866 1070 901 et
1107 867 1254 901 tamen
1283 857 1537 904 communia
1568 857 1648 903 tibi

367 946 469 977 cum
496 927 647 974 ceteris
680 927 901 990 equitibus
934 927 1042 974 sunt.
1085 929 1189 974 Non
1221 928 1282 976 est
1308 942 1611 992 argumentum
1632 957 1652 988 ‚—

297 1036 299 1039 -
367 1001 469 1049 ideo
487 1001 650 1065 aliquid
667 1014 789 1047 tuum
811 1017 899 1047 non
917 999 1001 1047 effe
1019 1037 1031 1058 ‚
1050 1002 1152 1064 quia
1173 1002 1365 1049 vendere
1383 1018 1473 1051 non
1493 1015 1618 1066 potes
1634 1039 1648 1060 ‚
1715 996 1717 999 ”

367 1075 471 1138 quia
496 1074 753 1121 consumere
770 1109 782 1131 ,
805 1073 906 1136 quia
926 1086 1090 1120 mutare
1118 1074 1161 1120 in
1185 1074 1372 1121 deterius
1402 1088 1477 1122 aut
1497 1076 1649 1123 melius

369 1166 459 1197 non
479 1159 617 1212 potes.
642 1151 790 1195 Tuum
812 1149 926 1195 enim
946 1148 1031 1205 est,
1054 1149 1183 1195 etiam
1202 1150 1325 1213 quod
1348 1149 1533 1214 sublege
1551 1167 1650 1198 cer-

369 1235 412 1271 ta
441 1239 562 1270 tuum
583 1222 657 1270 est.
679 1222 877 1285 Accepi,
898 1221 968 1268 sed
988 1235 1106 1270 certe
1128 1238 1219 1268 non
1242 1222 1384 1268 minus
1405 1221 1550 1270 habes.

434 1299 550 1345 ΧΙΙΙ.
587 1298 655 1344 Ne
690 1310 732 1343 te
766 1295 931 1342 traham
966 1295 1168 1359 longius,
1212 1294 1480 1342 Beneficium
1515 1296 1651 1343 maius

370 1369 454 1420 effe
482 1388 571 1418 non
589 1369 729 1434 potest
749 1388 759 1416 ε
783 1387 834 1417 ea
854 1386 931 1433 per
950 1386 1060 1432 quae
1089 1367 1349 1432 beneficium
1371 1368 1522 1423 datur,
1551 1369 1654 1432 pos·

369 1447 466 1494 sunt
490 1444 577 1492 effe
609 1443 777 1490 maiora
799 1460 809 1489 ε
837 1454 879 1490 et
906 1442 1027 1505 plura
1044 1478 1057 1499 ,
1080 1443 1124 1488 in
1153 1458 1264 1504 qnae
1293 1442 1334 1489 se
1359 1442 1552 1506 undique
1570 1442 1655 1499 Xbe-

370 1515 623 1563 nevolentia
654 1514 876 1568 effundat,
910 1526 952 1560 et
980 1513 1035 1561 fic
1065 1513 1142 1559 fibi
1166 1513 1408 1577 indulgeat,
1442 1516 1654 1578 quemad-

372 1589 555 1636 modum
579 1601 772 1634 amantes
802 1587 942 1634 solent
976 1603 987 1631 ε
1025 1603 1217 1650 quorum
1250 1588 1373 1649 plura
1410 1587 1575 1644 oscula,
1610 1597 1653 1633 et

373 1662 636 1726 complexus
669 1661 903 1717 arfflores,
933 1677 1024 1707 non
1050 1672 1205 1725 augent
1234 1676 1456 1720 amorem,
1483 1660 1556 1707 sed
1579 1677 1654 1706 ex-

372 1753 535 1786 ercent.
570 1738 689 1785 Haec
715 1750 918 1799 quoque,
947 1752 1060 1800 quae
1090 1736 1213 1783 venit
1245 1735 1465 1799 quaestio,
1496 1734 1655 1797 profli-

373 1824 469 1875 gata
501 1810 562 1857 est
592 1810 635 1856 in
661 1811 885 1873 prioribus
907 1829 916 1857 :
937 1810 1080 1873 itaque
1111 1810 1302 1876 breviter
1334 1808 1654 1873 perstringetur.

374 1882 556 1930 Poss'unt
587 1883 703 1928 enim
728 1884 772 1928 in
800 1882 910 1929 hanc
928 1918 941 1940 ‚
972 1898 1082 1945 quae
1115 1882 1211 1928 data
1245 1882 1341 1927 sunt
1367 1880 1456 1927 aliis
1475 1912 1489 1934 ‚
1522 1897 1656 1943 argu-

376 1968 524 2003 menta
547 1956 782 2002 transferri.
812 1957 1079 2016 Quaeritur,
1100 1971 1153 2000 :m
1183 1954 1257 2017 qui
1276 1954 1426 1999 omnia
1447 1953 1578 2010 fecit,
1607 1964 1656 1999 ut

376 2028 637 2077 beneficium
674 2029 900 2087 redderet,
934 2028 1193 2087 reddideritg
1226 2030 1290 2075 Ut
1316 2027 1450 2085 scias,
1481 2027 1622 2089 inquit
1641 2061 1656 2081 ‚

375 2101 500 2151 illum
528 2118 617 2148 non
645 2102 876 2149 reddidisse
896 2138 909 2159 ‚
932 2104 1081 2149 omnia
1111 2103 1215 2151 fecit
1230 2140 1242 2161 ‚
1260 2118 1307 2150 ut
1331 2104 1544 2151 redderet.
1567 2107 1657 2165 Ap-

376 2189 499 2240 paret
524 2192 656 2239 ergo,
684 2192 774 2221 non
806 2174 891 2221 effe
919 2175 962 2220 id
988 2176 1145 2221 faiium
1164 2210 1176 2231 ‚
1211 2177 1335 2223 cuius
1366 2175 1556 2223 faciendi
1576 2193 1657 2222 oc-

378 2249 594 2296 cafionem
618 2265 707 2294 non
725 2248 883 2295 habuit.
898 2252 960 2296 Ut
981 2250 1190 2297 creditori
1214 2249 1289 2294 suo
1309 2249 1540 2312 pecuniam
1561 2263 1652 2293 non

377 2322 512 2369 solvit
533 2324 595 2380 is,
622 2324 696 2387 qui
721 2337 769 2370 ut
799 2324 1009 2381 solveret,
1032 2323 1190 2386 ubique
1217 2323 1429 2387 quaefivit
1450 2358 1463 2380 ‚
1487 2339 1566 2368 nec
1585 2322 1652 2366 in-

380 2396 517 2443 venit,
551 2398 780 2457 Quaedam
812 2396 905 2445 eius
935 2396 1200 2445 conditionis
1228 2396 1324 2443 sunt
1341 2432 1356 2452 ,
1379 2410 1426 2443 ut
1453 2393 1654 2443 effeffiim
