1742 2967
288 215 337 259 L.
375 182 512 258 Am.
549 213 670 258 sm.
708 212 793 257 DE
825 213 1139 259 efflei-teus
1172 215 1218 261 L.
1244 216 1292 262 11.
1350 231 1431 277 ¹45

158 339 214 368 ne
241 319 494 368 delibet-affe
525 319 769 367 videamur.
820 320 1053 366 Proximus
1079 320 1141 367 est
1170 338 1194 367 a
1223 336 1439 386 negante,

158 393 237 456 qui
263 393 479 440 dubitavit
496 429 510 451 ,
536 394 785 455 nullamque.
804 392 901 438 iniit
920 396 1117 455 gratiam.
1140 396 1254 440 Nam
1276 412 1374 442 cum
1395 396 1440 443 in

155 464 376 512 beneficio
408 464 716 512 iucundissima
753 464 802 510 sit
835 465 1064 512 tribuentis
1099 465 1329 524 voluntas,
1364 468 1441 531 qui

157 540 381 586 nolentem
413 537 456 584 se
487 537 680 585 tribuisse
709 537 798 600 ipsa
832 539 1109 587 cunctatione
1140 538 1317 586 testatus
1348 540 1441 599 est,

156 628 249 657 non
285 610 440 665 dedit,
481 610 553 656 sed
586 610 792 656 adversus
821 611 1064 657 'ducentem
1101 612 1212 658 male
1248 613 1441 661 retinuit.

156 683 290 730 Multi
313 695 459 729 autem
488 682 607 740 sunt,
638 699 752 746 quos
777 682 974 729 liberales
1003 683 1104 730 facit
1130 684 1287 731 frontis
1316 684 1442 732 infir-

157 756 300 802 mitas.
342 754 595 801 Gratiffima
628 754 725 799 sunt
756 752 965 800 beneficia
1005 770 1183 816 parata,
1219 755 1362 803 facilia
1398 769 1444 805 et

157 826 464 884 occurrentia,
493 827 568 872 ubi
602 826 716 872 nulla
743 843 868 871 mora
897 826 1007 884 fuit,
1036 827 1112 872 nisi
1141 828 1185 873 in
1218 829 1442 891 accipien-

156 901 211 948 tis
228 901 507 949 verecundia.
534 901 769 962 Optimum
788 898 848 944 est
863 935 875 956 ‚
903 902 1161 947 antecedere
1181 902 1441 948 defiderium

158 975 368 1039 cuiusque
388 993 398 1022 :
426 975 710 1038 proximum,
736 975 870 1039 sequi.
891 977 998 1022 Illud
1018 978 1169 1024 melius
1187 1015 1199 1036 ‚
1223 994 1444 1041 occupare

159 1059 392 1111 antequam
412 1064 623 1110 rogemur
643 1065 654 1093 z
677 1047 778 1111 quia
806 1065 905 1094 cum
928 1049 1098 1094 hon‘iini
1117 1051 1263 1112 probo
1293 1052 1348 1098 ad
1366 1068 1444 1098 ro-

159 1121 351 1184 gandum
376 1136 427 1166 os
461 1134 699 1166 concurrat
720 1156 732 1177 ,
767 1134 810 1167 et
847 1121 1118 1169 suffundatur
1145 1124 1283 1170 rubor
1316 1143 1328 1171 ε
1364 1124 1443 1188 qui

159 1193 247 1240 hoc
277 1204 550 1240 tormentum
582 1193 792 1250 remittit,
824 1194 1085 1257 multiplicat
1117 1212 1274 1243 munus
1305 1195 1444 1245 suum.

160 1268 267 1312 Non
297 1267 396 1314 tulit
419 1266 577 1329 gratis,
610 1266 688 1329 qui
715 1284 814 1313 cum
849 1267 1064 1331 rogasset,
1091 1269 1271 1330 accepit.
1306 1271 1443 1329 Quo-

161 1340 276 1385 niam
309 1340 487 1403 quidem
504 1376 518 1396 .,
546 1355 594 1386 ut
621 1340 863 1386 maioribus
892 1341 1067 1398 nostris,
1099 1343 1356 1404 graviffimis
1373 1343 1444 1391 vi-

161 1413 218 1459 ris
235 1444 249 1468 ‚
274 1413 419 1459 visum
445 1411 529 1468 est,
555 1413 670 1460 nulla
690 1430 758 1460 res
785 1414 923 1462 carius
957 1415 1154 1470 constat,
1175 1433 1307 1479 quam
1331 1431 1444 1478 quae

159 1487 364 1549 precibus
396 1499 511 1533 emta
535 1486 606 1533 est.
642 1490 763 1534 Vota
789 1488 991 1536 homines
1023 1489 1194 1552 parcius
1224 1488 1442 1546 facerent,

161 1559 192 1606 fi
214 1561 353 1621 palam
374 1559 571 1607 facienda
591 1560 735 1608 effent.
755 1563 866 1608 adeo
885 1563 1011 1610 etiam
1035 1564 1165 1621 deos,
1182 1561 1339 1626 quibus
1358 1562 1445 1608 ho-

162 1631 392 1679 nestiffime
418 1633 731 1695 supplicamus,
755 1635 884 1682 tacite
912 1636 1126 1683 malumus
1146 1649 1189 1683 et
1206 1636 1318 1682 intra
1341 1633 1445 1682 nos-

164 1703 374 1765 metipsos
402 1704 583 1765 precari

229 1779 277 1823 Π.
301 1777 536 1823 Molestum
569 1777 753 1826 verbum
784 1779 874 1836 est,
896 1780 1157 1836 onerosum,
1187 1793 1231 1829 et
1258 1779 1442 1827 demisso

164 1852 290 1900 vultu
324 1853 558 1899 dicendum
576 1888 588 1908 ‚
627 1855 773 1917 Rogo.
801 1856 948 1908 &Huius
991 1855 1190 1903 facienda
1218 1856 1279 1902 est
1307 1856 1444 1919 gratia

165 1927 335 1982 amico,
365 1943 407 1972 et
439 1926 715 1989 cuicunque,
744 1944 876 1990 quem
899 1928 1088 1974 amicum
1110 1928 1160 1974 fis
1183 1944 1444 1992 promeren-

167 2000 228 2044 do
262 1999 459 2045 facturus.
491 2001 701 2059 properet
727 1998 856 2045 licet:
878 2000 973 2046 sero
999 2000 1263 2048 beneficium
1291 2000 1442 2057 dedit,

165 2070 242 2132 qui
274 2071 445 2132 roganti
474 2071 611 2117 dedit.
639 2071 745 2117 Ideo
779 2071 1013 2118 divinanda
1043 2073 1254 2136 cuiusque
1284 2074 1444 2120 volun-

165 2158 254 2199 tas,
280 2155 322 2189 et
353 2160 454 2189 cum
485 2143 698 2190 intellecta
722 2144 806 2200 est,
837 2145 1082 2192 necestitate
1107 2146 1350 2209 graviffima
1367 2162 1443 2192 ro-

165 2216 298 2280 gandi
319 2216 540 2263 liberanda
561 2217 633 2264 est.
652 2218 761 2264 lllud
782 2217 1042 2265 beneficium
1062 2220 1329 2274 iucundum,
1352 2220 1445 2266 vic-

166 2302 403 2352 turumque
435 2290 480 2335 in
510 2291 659 2337 animo
686 2291 820 2350 scias,
852 2294 975 2353 quod
1009 2293 1189 2340 obviam
1221 2294 1354 2339 venit.
1402 2292 1447 2340 Si

168 2377 261 2406 non
287 2360 502 2424 contingit
525 2363 811 2424 praevenire,
844 2364 966 2425 plura
993 2366 1184 2427 rogantis
1216 2365 1349 2412 verba
1374 2366 1446 2411 in·-

167 2433 455 2492 tercidamus,
481 2450 536 2481 ne
562 2436 705 2498 rogati
735 2435 992 2485 videamur:
1021 2437 1093 2482 sed
1119 2438 1329 2485 certiores
1354 2437 1447 2485 sac-

170 2508 228 2566 ti,
258 2508 396 2555 statim
425 2509 764 2571 promittamus,
791 2508 1068 2577 facturosque
1090 2527 1174 2558 nos
1205 2513 1335 2562 etiam
1367 2530 1447 2562 an-

236 2576 286 2621 L.
306 2578 429 2621 Ann.
451 2577 618 2623 Seneca.
652 2579 743 2623 Vol.
762 2577 827 2627 ll
1147 2578 1194 2625 K
