1742 2967
353 180 450 230 DE
493 147 936 227 almvm-Art:
978 176 1226 223 VITAE.
1361 192 1425 238 49

162 287 437 353 profufiffimi
461 287 505 333 in
530 303 613 342 eo,
649 285 768 332 cuius
794 284 918 330 unius
942 282 1119 330 honesta
1147 280 1322 330 avaritia
1346 282 1424 330 est.

163 364 287 410 Libet
318 363 464 424 itaque
483 379 535 408 ex
561 359 775 405 seniorum
805 357 929 404 turba
949 356 1319 419 comprehendere
1347 356 1425 402 ali-2

164 451 308 498 quem.
340 432 584 480 Pervenisse
604 443 645 477 te
664 431 718 477 ad
737 429 931 477 ultimum
955 429 1103 476 aetatis
1121 427 1332 473 humanae
1351 427 1425 474 vi·-

164 509 316 556 demus
336 526 346 554 :
377 505 628 553 centesimus
649 504 727 550 tibi
744 539 757 559 ‚
778 502 850 549 vel
871 502 994 565 supra
1011 538 1024 559 ‚
1045 500 1254 564 premitur
1279 516 1428 550 annus-

163 581 343 644 agedum
363 615 375 637 ,
403 579 456 624 ad
488 577 862 640 computationem
895 590 1077 622 aetatem
1105 586 1221 619 tuam
1249 588 1427 620 revoca.

162 654 253 700 Dic
285 668 493 716 quantum
523 668 575 696 ex
604 650 685 696 isto
721 664 919 710 tempore
956 646 1177 699 creditor,
1214 659 1426 707 quantum

163 726 298 773 amica
309 761 323 783 ,
337 741 541 788 quantum
556 742 628 770 rex
639 759 652 781 ‚
666 737 873 786 quantum
891 720 1021 767 cliens
1035 717 1271 766 abstulerit:
1288 735 1425 780 quan-

163 812 254 846 tum
277 799 327 845 lis
345 799 523 854 uxoria,
553 809 758 861 quantum
779 795 1004 842 servorum
1033 792 1266 848 co‘e'rcitio,
1288 808 1426 853 quan-

162 882 256 916 tum
276 871 468 918 officiosa
488 887 567 933 per
586 870 737 916 urbem
767 865 1028 915 discursatio.
1049 863 1199 910 Adiice
1221 862 1429 922 morbos,

164 959 277 1007 quos
297 960 427 990 manu
452 943 632 990 fecimus
654 960 664 988 ε
683 940 819 987 adiice
835 974 848 996 ‚
867 937 988 1001 quod
1007 947 1049 984 et
1071 935 1157 982 fine
1174 934 1250 982 usu
1267 935 1426 982 iacuit:

163 1016 333 1063 videbis
357 1031 400 1064 te
430 1017 656 1079 pauciores
679 1029 814 1062 annos
833 1013 1018 1067 habere,
1054 1025 1181 1072 quam
1216 1023 1430 1056 n'zmeras.

166 1088 330 1150 Repete
352 1089 564 1135 memoria
582 1100 745 1142 tecum,
775 1085 949 1150 quando
978 1095 1119 1130 certus
1143 1081 1309 1129 consilii
1331 1079 1432 1132 fue-2

166 1161 225 1207 ris
241 1198 254 1219 ,
287 1176 448 1224 quotus
475 1163 655 1227 quisque
684 1162 773 1209 dies
799 1176 845 1209 ut
871 1154 1156 1209 destinaveras
1182 1155 1429 1212 recesserim

167 1234 246 1296 qui
268 1234 346 1281 tibi
372 1235 468 1282 usus
492 1235 554 1282 tui
583 1234 711 1281 fuerit
724 1251 736 1288 3
770 1234 945 1297 quando
965 1231 1010 1277 in
1032 1230 1137 1277 statu
1159 1229 1236 1275 suo
1256 1228 1430 1287 vultus,

164 1307 344 1368 quando
376 1307 544 1354 animus
567 1307 832 1369 intrepid1153
858 1305 962 1369 quid
992 1303 1070 1350 tibi
1102 1303 1146 1349 in
1175 1313 1262 1348 tam
1293 1300 1431 1364 longo

167 1395 280 1425 aevo
306 1379 404 1426 facti
434 1381 578 1443 operis
603 1381 679 1434 fit3
707 1396 837 1444 quam
871 1378 995 1425 multi
1022 1377 1160 1425 vitam
1183 1388 1299 1423 tuam
1326 1374 1433 1422 diri-

168 1453 370 1515 puerint,
402 1468 445 1501 te
466 1471 556 1500 non
587 1453 791 1501 sentiente
819 1452 927 1517 quid
958 1451 1187 1513 perderes;
1221 1460 1433 1514 quantum

169 1541 307 1571 vanus
328 1527 483 1583 dolor,
510 1526 632 1572 stulta
651 1525 807 1573 laetitia
823 1558 838 1582 ‚
872 1525 998 1573 avida
1023 1524 1259 1588 cupiditas,
1281 1521 1435 1568 blanda

169 1599 446 1646 conversatio
465 1601 707 1657 abstulerit;
729 1617 857 1665 quam
878 1600 1080 1664 exiguum
1099 1598 1178 1646 tibi
1197 1598 1250 1645 de
1266 1610 1345 1645 tuo
1365 1613 1436 1644 re·-

170 1672 314 1718 liftum
333 1673 382 1719 fit
402 1691 412 1717 :
434 1674 639 1737 intelliges
653 1710 666 1730 ‚
688 1689 730 1721 te
749 1674 1024 1720 immaturum
1043 1671 1172 1719 mori.

237 1748 311 1791 IV.
332 1747 454 1806 Quid
473 1763 578 1811 ergo
598 1745 658 1793 est
685 1745 729 1792 in
755 1746 912 1793 causa?
934 1760 1135 1808 tanquam
1158 1743 1324 1806 semper
1343 1740 1439 1789 vic-

173 1819 259 1864 turi
286 1819 435 1866 vivitis
454 1837 465 1865 τ
485 1836 706 1882 nunquam
731 1818 859 1866 vobis
876 1817 1084 1882 fragilitas
1106 1815 1244 1864 vestra
1261 1815 1443 1862 succur-

173 1890 244 1936 rit.
269 1892 374 1937 Non
394 1890 633 1938 observatis
652 1902 860 1953 quantum
888 1889 973 1936 iam
995 1887 1206 1951 temporis
1223 1884 1445 1934 transterit.

176 1962 295 2008 velut
324 1979 378 2009 ex
410 1962 541 2025 pleno
568 1977 611 2011 et
636 1961 869 2009 abundanti
898 1960 1075 2024 perditis
1101 1977 1111 2006 :
1140 1976 1238 2006 cum
1270 1957 1446 2006 interim

179 2031 352 2081 fortasse
377 2034 445 2081 ille
476 2033 582 2096 ipse,
613 2033 740 2080 alicui
759 2031 830 2080 vel
859 2030 1026 2078 homini
1050 2030 1122 2080 vel
1142 2029 1204 2078 rei
1234 2030 1448 2085 donatus,

178 2109 353 2156 ultimus
376 2109 467 2155 dies
490 2109 553 2155 sit.
570 2107 758 2166 Omnia,
782 2117 983 2170 tanquam
1008 2104 1213 2152 mortales
1228 2140 1240 2160 ‚
1264 2102 1448 2150 tenetis:

178 2179 354 2237 omnia,
380 2193 587 2243 tanquam
616 2177 914 2236 immortales,
944 2176 1262 2239 concupiscitis.
1291 2176 1452 2223 Audies

178 2251 412 2315 plerosque
432 2252 621 2300 dicentes
637 2270 648 2299 ε
666 2253 706 2299 Α
722 2250 1084 2315 quinquagefimo
1110 2249 1155 2296 in
1175 2248 1316 2296 otium
1337 2247 1454 2296 sece-

181 2326 310 2372 dam:
332 2326 613 2388 sexagefimus
644 2341 781 2370 annus
807 2325 861 2370 ab
889 2323 1043 2371 officiis
1068 2340 1137 2371 me
1166 2322 1375 2370 demittet.
1398 2323 1455 2368 Et

180 2414 311 2460 quem
329 2399 503 2444 tandem
535 2396 745 2460 longioris
768 2396 886 2444 vitae
910 2396 1111 2458 praedem
1132 2394 1329 2457 accipis?
1355 2394 1454 2458 quis

175 2462 253 2516 ista
267 2502 280 2523 ‚
300 2470 419 2517 ficuti
438 2469 630 2532 disponis
644 2505 658 2526 ‚
683 2469 746 2516 ire
773 2468 984 2531 patietur?
1011 2470 1118 2517 Non
1136 2470 1272 2533 pudet
1292 2481 1334 2518 te
1350 2468 1452 2525 reli-3

238 2537 287 2583 L.
312 2538 437 2583 Arm.
467 2538 634 2581 Seneca.
657 2537 752 2583 Vol.
770 2535 836 2582 II.
1150 2535 1200 2580 D
