1742 2967
338 183 441 240 ΠΕ
487 191 926 241 BREV1TATE
971 194 1218 241 νιΤΑΕ.
1350 195 1415 258 63·

150 295 365 343 inutilium
391 297 540 344 studiis
565 298 813 344 detinentur
834 316 845 345 ε
864 315 972 362 quae
997 298 1083 344 iam
1112 298 1227 360 apud
1250 298 1418 343 Roma-

151 386 232 415 nos
251 386 428 433 quoque
453 387 604 433 magna
623 387 774 417 manus
793 369 864 417 est.
893 373 1167 419 Graecorum
1192 370 1267 416 iste
1293 386 1418 417 mor-

151 442 230 487 bus
253 441 334 488 fuit
348 478 360 499 ‚
381 459 589 506 quaerere
606 460 736 506 quem
763 459 986 489 numerum
1006 442 1219 506 remigum
1237 443 1418 506 Ulyffes

152 514 362 562 habuisset
380 533 391 561 :
414 514 536 577 prior
551 515 704 575 scripta
727 514 827 563 esset
843 515 960 575 Ilias,
979 532 1031 560 an
1048 514 1246 578 Odyffea
1266 532 1277 561 z
1296 531 1421 577 prae·
1485 506 1487 508 .

155 598 270 634 terea
295 605 348 633 an
377 588 570 635 eiusdem
591 589 694 636 effer
723 590 924 636 auftoris.
951 588 1043 634 Alia
1066 588 1270 650 deinceps
1297 588 1422 634 huius

154 673 282 707 notae
304 679 314 707 ε
340 679 451 724 quae
476 662 565 710 five
594 663 847 722 contineas,
871 662 975 707 nihil
1000 661 1177 707 tacitam
1199 660 1424 707 conscien-

153 732 255 778 tiam
286 733 465 789 iuvant3
495 734 584 781 five
613 734 837 797 proferas,
866 751 957 780 non
985 733 1159 780 doffior
1177 733 1424 795 videberis-3

154 804 226 851 sed
258 805 493 855 molestior.
529 808 642 871 Ecce
673 808 899 852 Romanos
935 821 1112 869 quoque
1145 803 1301 851 invasit
1330 804 1423 848 ina-

156 892 210 922 ne
240 876 423 923 studium
452 878 716 941 supervacua
749 878 954 927 discendi.
996 877 1074 924 His
1101 877 1251 924 diebus
1275 874 1425 922 audivi

156 950 375 1010 quendam
404 951 639 1015 sapientem
665 951 924 998 referentem
944 987 958 1009 ‚
983 968 1092 1014 quae
1120 950 1284 1013 primus
1307 949 1426 1012 quis-

156 1037 241 1083 que
280 1040 333 1069 ex
368 1025 594 1072 Romamis
634 1024 815 1071 ducibus
847 1023 1029 1073 feciffer.
1077 1024 1248 1069 Primus
1284 1021 1428 1069 navali

158 1094 329 1154 proelio
348 1094 541 1143 Duillius
574 1096 709 1156 vicit,
744 1096 910 1160 primus
945 1096 1106 1143 Curius
1134 1097 1349 1142 Dentatus
1381 1094 1425 1139 in

158 1166 385 1229 triumpho
412 1169 535 1216 duxit
561 1169 826 1232 elephantos.
859 1168 1106 1216 Etiamnum
1136 1167 1211 1213 ista
1228 1202 1244 1226 ,
1272 1165 1346 1213 etfi
1371 1165 1426 1212 ad

159 1254 306 1284 veram
337 1241 520 1302 gloriam
552 1257 644 1286 non
676 1240 884 1295 tendunt,
916 1240 1030 1288 circa
1058 1238 1253 1287 civilium
1282 1248 1427 1283 tamen

158 1325 341 1370 operum
369 1313 567 1375 exempla
594 1311 831 1360 versantur.
867 1312 973 1357 Non
994 1308 1053 1354 est
1079 1308 1308 1371 profutura
1334 1308 1427 1354 talis

159 1383 335 1443 scientia
354 1403 366 1432 z
385 1387 446 1446 est
474 1403 617 1434 tamen
643 1402 754 1452 quae
774 1401 854 1432 nos
880 1382 1068 1448 speciosa
1087 1399 1231 1430 rerum
1255 1381 1426 1428 vanita-

159 1467 201 1502 te
224 1457 423 1505 detineat.
457 1460 558 1507 Hoc
589 1474 767 1523 quoque
796 1454 1098 1520 quaerentibus
1126 1454 1425 1508 remittamus,

161 1529 256 1590 quis
274 1532 486 1579 Romanis
510 1533 675 1595 primus
691 1527 894 1595 persuasit
919 1543 1077 1574 navem
1102 1525 1428 1573 conscendere?

162 1602 369 1651 Claudius
395 1606 430 1652 is
458 1606 540 1651 fuit
560 1623 570 1651 :
593 1605 773 1653 Caudex
794 1601 854 1649 ob
881 1601 968 1650 hoc
995 1599 1136 1663 ipsum
1166 1599 1427 1662 appellatus,

162 1676 263 1736 (guia
283 1676 471 1738 plurium
495 1678 734 1723 tabularum
759 1685 1012 1728 contextus,
1034 1673 1196 1720 caudex
1216 1671 1332 1733 apud
1351 1688 1431 1716 an-

162 1748 308 1811 tiquos
327 1749 595 1798 vocabatur:
617 1750 733 1796 unde
752 1746 950 1810 publicae
966 1745 1154 1802 tabulae,
1170 1742 1346 1791 codices
1365 1741 1430 1787 di-

163 1834 346 1868 cuntur:
367 1836 410 1869 et
432 1840 561 1872 naves
578 1840 691 1870 nunc
708 1834 906 1885 quoque,
923 1835 1035 1882 quae
1053 1836 1107 1865 ex
1127 1816 1302 1880 antiqua
1323 1832 1431 1863 con—

164 1892 388 1941 suetudine
413 1914 491 1958 per
519 1896 717 1943 Tiberim
739 1906 1009 1940 commeatus
1033 1891 1301 1944 subvehunt,
1328 1906 1430 1936 cau-

165 1966 352 2013 dicariae
386 1984 616 2015 vocantur.
662 1968 769 2013 Sane
797 1978 840 2012 et
868 1965 955 2011 hoc
987 1963 1040 2009 ad
1070 1979 1164 2008 rem
1192 1961 1430 2025 pertineat,

167 2038 285 2099 quod
309 2039 507 2085 Valerius
531 2039 757 2085 Corvinus
780 2037 942 2099 primus
974 2032 1208 2079 Messanam
1237 2032 1370 2088 vicit,
1387 2043 1429 2079 et

168 2109 334 2169 primus
367 2128 422 2156 ex
458 2110 617 2155 familia
651 2109 950 2163 Valeriorum,
984 2105 1099 2151 urbis
1130 2119 1280 2166 captae
1310 2104 1354 2149 in
1387 2103 1430 2149 se

168 2181 368 2228 transsato
394 2172 574 2230 nomine
598 2183 790 2229 Meffana
820 2180 1055 2244 appellatus
1085 2179 1165 2237 est,
1197 2177 1428 2240 paulatim-

169 2249 254 2315 que
273 2254 411 2317 vulgo
439 2267 708 2318 permutante
732 2254 899 2310 literas,
924 2251 1113 2298 Messalla
1134 2251 1285 2298 dietus.
1312 2251 1430 2295 Num

168 2339 211 2372 et
248 2329 333 2376 hoc
365 2346 626 2392 quemquam
659 2344 807 2375 curare
840 2325 1086 2389 permittas,
1113 2324 1234 2389 quod
1269 2322 1432 2385 primus

170 2404 218 2448 L.
234 2403 347 2448 Sulla
365 2403 407 2449 in
436 2403 557 2449 circo
580 2402 727 2447 leones
758 2398 918 2445 solutos
937 2398 1078 2454 dedit,
1105 2413 1208 2443 cum
1234 2395 1433 2457 alioquin

171 2475 328 2538 alligati
357 2476 584 2533 darentur,
615 2474 668 2533 ad
697 2471 994 2522 conficiendos
1019 2486 1094 2519 eos
1122 2467 1253 2518 miffis
1282 2486 1307 2516 a
1331 2483 1432 2531 rege
