1742 2967
311 189 368 254 58
531 191 1338 240 L‚ANNAEISENECAE

306 308 451 343 menta
482 297 711 355 diducere,
748 300 882 346 multa
917 300 1020 346 mihi
1054 316 1319 357 occurrent,
1352 316 1428 362 per
1459 315 1568 362 quae

306 369 494 430 probem
523 371 812 418 breviffimam
843 372 929 418 effe
957 385 1269 433 occupatorum
1298 373 1450 418 vitam.
1485 372 1569 417 So-

306 440 421 486 lebat
449 442 591 488 dicere
617 443 848 500 Fabianus,
877 461 965 491 non
994 462 1050 491 ex
1079 445 1142 492 his
1162 445 1440 492 cathedrariis
1473 444 1570 505 phi-

306 511 515 574 losophis,
535 514 605 560 sed
623 533 676 561 ex
696 518 809 564 veris
831 530 873 564 et
886 517 1102 579 antiquis,
1126 530 1278 565 contra
1297 516 1472 563 affectus
1489 517 1570 562 im-
1607 573 1609 576 Α

307 595 428 645 petu,
447 602 536 632 non
555 586 784 636 subtilitate
806 590 1115 654 pugnandum,
1128 584 1213 636 nec*
1227 588 1400 635 minutis
1421 588 1573 633 vulne-

308 655 454 712 ribus,
476 656 545 702 sed
570 658 743 705 incursu
772 662 1050 708 avertendam
1071 660 1223 707 aciem.
1259 661 1364 707 Non
1387 660 1569 724 probam

307 728 634 775 cavillationem
671 731 785 789 esse,
816 734 989 780 retundi
1023 733 1207 787 debere,
1243 748 1332 781 non
1365 731 1574 779 vellicari.

307 798 477 846 Tamen
501 814 546 848 ut
567 802 648 848 illis
667 821 791 850 error
810 807 1095 867 exprobretur
1114 807 1227 860 suuS,
1248 803 1459 860 docendi,
1482 818 1572 848 non

307 882 473 918 tantum
500 874 756 936 deplorandi
788 877 896 925 sunt.
929 879 977 923 In
1004 878 1084 923 tria
1110 890 1309 938 tempora
1338 878 1425 924 vita
1455 875 1572 920 divi-

305 940 452 988 ditur:
471 943 589 1004 quod
617 945 701 1003 est,
727 948 852 1010 quod
869 947 963 1004 fuit,
980 960 1023 994 et
1045 948 1165 1010 quod
1184 946 1381 994 futurum
1408 945 1481 992 est.
1508 948 1571 991 Ex

303 1013 373 1060 his
395 1016 514 1078 quod
532 1018 725 1078 agimus,
751 1020 885 1066 breve
901 1018 962 1066 est
980 1038 990 1065 ε
1010 1020 1131 1082 quod
1155 1019 1290 1065 adiuti
1311 1019 1473 1075 sumus,
1493 1018 1576 1063 du-

304 1085 426 1133 bium
448 1104 460 1131 :
479 1090 603 1150 quod
622 1091 813 1153 egimus,
831 1104 1011 1140 certum.
1028 1094 1129 1138 Hoc
1150 1092 1211 1139 est
1230 1091 1369 1149 enim,
1390 1092 1433 1138 in
1452 1091 1573 1154 quod

305 1155 482 1205 fortuna
509 1161 574 1208 ius
600 1164 819 1224 perdidit,
844 1163 967 1225 quod
995 1163 1040 1210 in
1057 1162 1228 1219 ,nullius
1251 1163 1474 1209 arbitrium
1502 1178 1574 1208 re-

305 1231 409 1280 duci
435 1235 584 1296 potest.
639 1237 740 1284 Hoc
764 1237 968 1284 amittunt
998 1237 1212 1299 occupati.
1243 1253 1325 1282 nec
1350 1235 1464 1283 enim
1494 1235 1577 1281 illis

307 1320 434 1353 vacat
453 1310 680 1369 praeterita
712 1312 921 1374 respicere
943 1332 953 1358 :
974 1326 1016 1360 et
1040 1313 1069 1359 s1
1092 1329 1239 1371 vacet,
1264 1312 1499 1361 iniucunda
1514 1311 1576 1359 est

306 1380 691 1449 poenitendaessrei
718 1386 980 1434 recordatio,
1012 1386 1142 1434 Inviti
1170 1403 1355 1450 namque
1385 1388 1440 1433 ad
1466 1400 1577 1432 tem-

306 1468 416 1514 pora
444 1455 551 1501 male
578 1459 724 1503 exacta
750 1458 939 1504 ani-mum
973 1473 1210 1512 revocant,
1242 1477 1321 1507 nec
1348 1460 1507 1507 audent
1526 1475 1575 1505 ea

306 1537 520 1573 retentare
535 1563 547 1582 ‚
570 1544 760 1590 quorum
784 1530 893 1577 vitia
915 1531 1043 1578 etiam
1066 1548 1174 1594 quae
1201 1531 1349 1595 aliquo
1375 1530 1574 1594 praesen-

305 1596 362 1644 tis
391 1599 627 1667 voluptatis
650 1601 877 1650 lenocinio
910 1603 1283 1665 subripiebantur‚
1309 1603 1578 1650 retractando

306 1670 544 1732 patescunt.
591 1675 736 1721 Nemo
754 1711 768 1734 ‚
800 1675 876 1722 nifi
903 1692 926 1721 a
953 1692 1045 1739 quo
1075 1676 1223 1722 omnia
1253 1677 1342 1722 afta
1373 1675 1467 1721 sunt
1499 1675 1576 1721 sub

306 1742 484 1789 censura
516 1744 615 1802 sua,
640 1763 749 1809 quae
779 1764 1005 1810 nunquam
1035 1747 1224 1804 fallitur,
1253 1747 1436 1794 libenter
1463 1745 1503 1792 se
1532 1745 1575 1791 in

305 1816 848 1882 praeterimm-rctorquet.
884 1819 958 1866 me
979 1819 1054 1882 qui
1071 1818 1202 1865 multa
1221 1817 1449 1864 ambitiose
1472 1833 1577 1864 con-

308 1888 467 1950 cupiit,
484 1890 663 1952 superbe
687 1892 940 1948 contemsit,
962 1891 1227 1952 impotenter
1247 1890 1378 1948 vicit,
1398 1889 1576 1936 insidio-

308 1961 349 2007 se
373 1963 568 2024 decepit,
587 1981 718 2011 avare
738 1965 904 2027 rapuit,
928 1964 1111 2027 prodige
1131 1964 1309 2020 effudit,
1334 1963 1495 2009 necesse
1514 1962 1574 2009 est

308 2036 565 2081 memoriam
599 2036 715 2082 suam
742 2037 904 2083 timeat.
944 2036 1080 2099 Atqui
1113 2035 1218 2088 haec
1246 2034 1307 2081 est
1339 2051 1434 2097 pars
1461 2047 1574 2079 tem-

309 2109 434 2171 poris
460 2108 594 2155 nostri
625 2109 740 2156 sacra
767 2125 818 2156 ac
846 2109 1065 2165 dedicata,
1092 2124 1246 2154 omnes
1275 2107 1488 2153 humanos
1505 2123 1577 2152 ca-

308 2180 376 2227 sus
406 2180 695 2243 supergressa,
732 2192 852 2226 extra
885 2197 1068 2244 regnum
1101 2178 1303 2225 fortunae
1337 2177 1581 2225 subdufflat

307 2269 440 2314 quam
468 2268 558 2297 non
584 2251 734 2315 inopia
751 2285 766 2306 ,
790 2269 882 2299 non
911 2267 1077 2309 metus,
1108 2268 1199 2298 non
1229 2251 1488 2297 morborum
1507 2249 1575 2294 in-

310 2326 456 2372 cursus
478 2326 679 2389 exagitat.
706 2328 824 2372 Haec
846 2342 924 2373 nec
946 2325 1133 2382 turbari,
1164 2342 1245 2372 nec
1272 2324 1381 2386 eripi
1405 2322 1574 2385 potest:

310 2415 515 2463 perpetua
534 2402 627 2448 eius
644 2416 684 2447 et
701 2401 909 2463 intrepida
922 2399 1121 2463 poffeffio
1139 2398 1212 2444 est.
1226 2396 1392 2460 Singuli
1407 2409 1572 2442 tantum

311 2473 428 2532 dies,
458 2486 499 2522 et
524 2476 568 2522 hi
595 2492 672 2538 per
688 2487 909 2525 momenta
926 2470 1168 2537 praesentes
1194 2471 1291 2519 sunt
1309 2487 1320 2517 z
1340 2480 1381 2516 at
1399 2479 1572 2532 praete-
