1742 2967
283 199 341 246 34
408 187 456 233 L.
491 186 632 233 ANN.
665 185 788 232 SEN.
824 185 911 232 DE
940 187 1295 235 CLEMENTIA
1325 190 1371 236 L.
1396 189 1430 237 Ι.

277 295 538 357 regnarent?
571 294 600 340 fi
636 294 908 357 serpentibus
935 295 980 341 in
1015 312 1095 343 nos
1116 331 1130 352 ,
1168 313 1218 343 ac
1253 295 1559 343 noxiofiffimo
1596 303 1605 314 ‘

279 366 435 429 cuique
456 367 627 412 animali
652 367 825 413 daretur
853 366 1073 428 potestas?
1103 369 1174 413 Illa
1198 369 1558 432 rationis'exper-

276 442 334 486 tia
355 452 398 486 et
427 457 450 486 a
484 441 611 487 nobis
643 439 924 486 immanitatis
956 440 1138 487 crimine
1158 442 1387 495 damnata,
1424 441 1556 487 absti-

277 526 381 559 nent
410 512 521 571 (ὡς,
550 527 592 559 et
627 524 717 559 tuta
748 511 809 558 est
839 511 970 562 etiam
1004 511 1115 558 inter
1147 511 1258 558 feras
1284 513 1556 559 similitudo:

272 588 434 634 horum
456 604 508 634 ne
533 603 554 631 a
577 583 819 632 necessariis
844 584 1022 648 quidem
1046 585 1185 631 rabies
1215 598 1430 648 temperat
1453 587 1554 642 fibi,

275 660 346 707 sed
367 674 546 705 externa
574 657 734 720 suaque
754 657 798 702 in
821 673 963 719 aequo
986 657 1140 715 babet,
1172 675 1263 721 quo
1281 659 1409 721 poffit
1426 677 1555 707 exer·

275 733 449 780 citatior
473 750 494 777 a
517 731 783 795 singulorum
803 732 1005 778 caedibus
1020 767 1033 789 ‚
1053 732 1213 778 deinde
1232 732 1276 778 in
1296 733 1424 780 exitia
1444 751 1554 797 gen-

274 807 383 853 tium
411 806 592 868 serpere.
611 807 664 851 Et
683 804 861 851 iniicere
885 805 1005 852 teetis
1021 805 1165 867 ignem
1182 841 1195 862 ‚
1215 817 1403 851 aratrum
1424 798 1556 853 vetu—

275 878 346 925 ssis
366 878 546 924 urbibus
565 877 797 931 inducere,
817 876 1059 937 potentiam
1082 888 1202 937 putat
1226 893 1237 922 :
1259 888 1302 922 et
1320 893 1452 924 unum
1472 894 1556 926 oc-

275 952 360 1000 cidi
386 951 536 997 iubere
558 963 630 996 aut
659 950 843 995 alterum
861 983 874 1005 ‚
906 964 1062 1010 parum
1096 947 1426 1011 imperatorium
1454 968 1555 998 cre·-

274 1026 338 1073 dit
361 1043 369 1071 :
394 1023 468 1069 nist
494 1023 651 1069 eodem
680 1034 883 1084 tempore
910 1037 1017 1084 grex
1044 1019 1308 1068 miserorum
1340 1022 1557 1072 subieetus

275 1098 417 1152 stetit,
444 1095 745 1142 crudelitatem
778 1093 894 1139 suam
924 1092 970 1138 in
1006 1092 1213 1138 ordinem
1249 1094 1441 1142 comitam
1474 1113 1556 1158 pu-

276 1182 348 1216 tat.
372 1168 564 1215 Feiicitas
584 1164 677 1218 illa,
700 1163 842 1209 multis
862 1162 1039 1209 salutem
1059 1163 1189 1218 dare,
1207 1177 1249 1210 et
1266 1165 1322 1211 ad
1346 1165 1480 1212 vitam
1499 1167 1555 1213 ab

274 1243 360 1304 ipsa
395 1253 536 1286 morte
567 1253 811 1295 revocare,
842 1248 884 1283 et
913 1235 1070 1283 mereri
1095 1236 1323 1283 clementia
1351 1239 1554 1287 civicam„

277 1314 453 1359 Nullum
478 1320 784 1357 ornamentum
817 1307 1028 1369 Principis
1057 1306 1227 1370 fastigio
1254 1308 1426 1371 dignius
1455 1311 1554 1372 pul-

274 1386 506 1448 ebriusque
536 1382 626 1437 est,
660 1397 790 1444 quam
818 1380 889 1441 illa
919 1394 1088 1427 corona
1106 1380 1166 1426 ob
1193 1380 1312 1427 cives
1343 1382 1555 1432 servatos..

277 1457 383 1502 Non
402 1456 570 1502 hostilia
592 1471 711 1500 arma
731 1454 917 1500 detraCta
935 1453 1065 1499 vietis
1078 1488 1093 1509 ,
1115 1470 1205 1499 non
1226 1471 1374 1502 currus
1398 1458 1552 1503 barbaa

275 1544 426 1575 rorum
447 1529 650 1591 sanguine
670 1525 862 1582 cruenti,
882 1543 974 1573 non
995 1540 1114 1590 parta
1132 1528 1248 1574 bello
1262 1528 1412 1591 spolia.
1430 1532 1553 1579 Haec

274 1603 422 1649 divina
458 1602 654 1665 potentia
685 1600 746 1647 est
768 1635 780 1656 ‚
813 1600 1023 1664 gregatim
1065 1618 1115 1648 ac
1148 1602 1322 1664 publice
1355 1602 1524 1651 servare
1540 1623 1567 1666 ε,

247 1680 436 1725 'munos
461 1692 606 1725 autern
640 1676 844 1724 occidere
865 1711 879 1736 ,
908 1691 952 1725 et
977 1676 1260 1738 indiscretos,
1287 1678 1479 1728 incendii
1502 1696 1553 1730 ac

276 1750 423 1798 ruinae
449 1750 644 1814 potentia
663 1750 739 1798 est.
