1742 2967
361 192 460 240 DE
501 190 931 239 BENEFrcns
971 193 1095 239 ΜΒ.
1144 193 1222 239 vt.
1327 207 1420 255 293.

157 315 267 364 quae
286 316 417 348 nemo
433 299 512 348 tibi
531 301 673 349 minus
689 300 810 349 volet
823 336 838 360 ,
861 317 989 364 quam
1008 300 1044 348 is
1065 317 1149 364 pro
1173 317 1261 364 quo
1281 300 1390 348 fiunt
1404 333 1426 355 ,

159 371 418 421 succedere?
448 373 624 435 peffime
643 391 742 420 cum
770 389 826 420 eo
854 372 966 436 agis,
993 372 1065 420 cui
1087 373 1152 421 vis
1178 390 1200 418 a
1224 372 1306 420 diis
1335 390 1421 419 no-

159 446 272 504 ceri,
302 462 328 492 a
355 459 398 493 te
426 445 644 495 succurri:
668 447 815 511 inique
842 464 942 494 cum
962 447 1059 509 ipsis
1085 446 1178 494 diis.
1205 446 1290 493 Illis
1306 447 1422 493 enim

158 517 396 565 duriffimas
416 535 557 582 partes
575 518 766 581 imponis
780 554 793 576 ,
814 518 889 565 tibi
907 519 1127 565 humanas.
1143 533 1191 565 ut
1210 531 1257 564 tu
1275 517 1424 580 prosis,

159 589 220 636 dii
255 589 510 638 nocebunt?
552 592 595 639 Si
630 591 921 639 accusatorem
961 590 1258 647 submitteres,
1294 607 1424 652 quem

161 661 316 709 deinde
349 679 632 719 removeres,
669 663 698 709 fi
730 662 870 725 aliqua
897 662 1015 708 illum
1047 662 1121 709 lite
1152 662 1397 724 implicares
1412 697 1435 720 ,‚
1498 651 1501 657 ’

160 750 292 798 quam
317 733 498 782 subinde
517 735 747 783 discuteres
762 771 775 788 ,
795 750 927 781 nemo
953 735 1005 780 de
1025 747 1104 781 tuo
1125 734 1279 782 scelere
1299 735 1430 780 dubi-—

161 818 281 853 taret.
319 807 426 870 quid
448 807 648 866 interest,
665 821 811 854 utrum
832 806 943 853 istud
961 806 1110 854 fraude
1131 819 1318 854 tentetur
1333 843 1345 864 ‚
1374 824 1432 853 an

162 881 306 928 voto?
339 880 415 927 nisi
441 882 560 944 quod
585 881 858 943 potentiores
874 880 935 926 illi
957 879 1225 926 adversarios
1247 880 1430 941 quaeris.

162 954 269 999 Non
292 952 352 1000 est
377 954 499 1016 quod
521 954 638 1001 dicas
656 973 666 1000 :
688 955 834 1013 Quam
853 953 968 999 enim
986 952 1046 998 ilii
1063 951 1263 998 iniuriam
1283 951 1433 997 facio?

164 1028 333 1072 Votum
360 1038 479 1072 tuum
499 1041 573 1072 aut
603 1025 919 1087 supervacuum
946 1024 1029 1082 est,
1057 1038 1129 1072 aut
1146 1024 1397 1071 iniuriosum
1418 1044 1437 1073 ε-

162 1098 303 1144 immo
318 1098 592 1156 iniuriosum,
607 1092 770 1145 etiamsi
788 1099 971 1145 irritum.
987 1097 1215 1160 Quidquid
1234 1113 1325 1143 non
1341 1098 1433 1144 effi-

161 1170 225 1218 cis
238 1206 250 1227 ‚
269 1171 358 1216 Dei
379 1189 536 1218 munus
554 1171 614 1217 est
633 1172 814 1218 :iniuria
834 1187 962 1227 vero,
981 1170 1192 1233 quidquid
1211 1183 1346 1231 optas.
1363 1172 1434 1217 Sat

163 1242 224 1290 est
238 1261 248 1289 ε
264 1243 342 1289 tibi
363 1260 452 1289 non
475 1244 595 1290 aliter
618 1244 824 1291 debemus
845 1243 983 1298 irasci,
1004 1258 1134 1304 quam
1152 1241 1183 1287 si
1202 1241 1366 1288 seceris.

230 1316 443 1363 XXVIII.
477 1315 520 1361 si
551 1332 685 1372 vota,
718 1316 892 1378 inquit,
916 1314 1170 1370 valuissent,
1199 1326 1241 1360 et
1275 1314 1319 1358 in
1347 1313 1435 1360 hoc

166 1386 417 1443 valuissent,
439 1400 487 1434 ut
505 1401 618 1434 tutus
643 1387 760 1434 effes.
787 1387 981 1433 Primum
998 1422 1010 1443 ‚
1036 1397 1199 1432 certum
1224 1384 1332 1430 mihi
1352 1401 1435 1445 op·

166 1474 230 1506 tas
259 1461 601 1522 periculumsub
626 1461 794 1508 incerto
822 1459 1000 1506 auxilio.
1030 1457 1184 1503 deinde
1205 1469 1437 1517 utrumque

120 1545 126 1551 ’
169 1550 236 1580 cei
248 1546 339 1579 tum
364 1547 497 1596 puta;
527 1534 648 1596 quod
675 1544 826 1587 nocet,
857 1532 977 1595 prius
1006 1531 1078 1579 est.
1108 1532 1328 1577 Praeterea
1347 1564 1360 1584 ,
1391 1541 1437 1574 tu

169 1608 474 1656 conditionem
494 1610 589 1656 voti
610 1609 671 1655 tui
688 1607 801 1654 nosti
821 1625 833 1654 t
850 1625 921 1653 me
939 1606 1164 1669 tempestas
1180 1604 1438 1667 occupavit,

171 1693 323 1743 portus
341 1698 390 1728 ac
412 1682 610 1744 praesidii
633 1681 831 1727 dubium.
856 1682 1080 1739 Quantum
1110 1677 1322 1724 existimas
1347 1691 1440 1721 tor-

171 1769 366 1802 mentum
386 1791 399 1814 ,
425 1755 586 1802 etiamsi
611 1770 822 1816 accepero
838 1789 851 1811 ‚
881 1752 1073 1816 eguisse?
1103 1749 1264 1798 etiamfi
1295 1751 1439 1798 serva-

171 1840 239 1875 tus
261 1828 391 1875 fuero
407 1862 420 1883 ,
448 1828 706 1892 trepidaffe?
731 1825 892 1874 etiamsi
917 1825 1136 1871 absolutus
1159 1822 1311 1878 fuero,
1341 1841 1441 1871 cau-

173 1901 261 1949 sam
293 1903 472 1949 dixisse?
505 1902 679 1948 Nullius
705 1914 845 1946 metus
871 1913 960 1945 tam
991 1911 1132 1962 gratus
1157 1896 1217 1943 est
1240 1895 1362 1952 finis,
1397 1913 1443 1944 ut

175 1991 268 2021 non
297 1975 463 2037 gratior
490 1975 538 2021 fit
568 1974 701 2021 solida
726 1987 769 2018 et
786 1971 1036 2019 inconcuffa
1057 1969 1272 2016 securitas.
1298 1971 1415 2031 Opta
1431 2005 1447 2026 2

176 2060 222 2094 ut
243 2049 424 2095 reddere
448 2048 555 2094 mihi
583 2046 843 2096 beneficium
873 2044 1028 2107 postis,
1062 2060 1161 2089 cum
1191 2059 1303 2105 opus
1329 2043 1410 2089 erit
1431 2076 1444 2097 ,

179 2141 269 2170 non
289 2140 337 2170 ut
354 2141 466 2186 opus
488 2124 551 2172 fit.
571 2124 613 2169 δὲ
632 2123 737 2170 esset
760 2122 805 2168 in
829 2137 902 2168 tua
925 2119 1134 2183 potestate
1154 2119 1275 2182 quod
1295 2132 1447 2181 optas,

176 2196 267 2260 ipse
291 2196 469 2243 fecisses„

242 2269 417 2316 XXIX.
445 2272 628 2329 Quanto
654 2269 742 2316 hoc
766 2267 983 2315 honestius
1008 2278 1165 2313 votum
1199 2265 1292 2312 est?
1323 2266 1449 2326 Opto

178 2341 224 2388 in
243 2358 299 2388 eo
315 2341 420 2388 statu
446 2341 519 2398 fit,
542 2358 634 2403 quo
658 2342 825 2403 semper
842 2339 1052 2388 beneficia
1072 2338 1317 2389 distribuat,
1340 2356 1451 2384 nun-

179 2431 311 2477 quam
332 2414 554 2461 desideret.
571 2416 779 2476 Sequatur
799 2414 928 2459 illum·
946 2411 1145 2466 materia.³
1165 2428 1245 2471 qua
1265 2424 1348 2456 tam
1372 2413 1448 2456 he-

181 2487 313 2551 nigne
341 2498 484 2534 utatur
509 2486 735 2549 largiendo
755 2485 1035 2546 iuvandoque
1052 2516 1064 2537 ,
1087 2499 1142 2567 [ἐξ
1153 2500 1371 2545 nunquam
1394 2481 1452 2527 iffi

1116 2573 1125 2591 5
1183 2564 1197 2586 ,ι
