1742 2967
350 199 451 244 DE
500 197 951 244 BENEFICHS
996 199 1122 245 Llss.
1174 202 1247 246 vi.
1351 216 1434 264 275

157 322 249 353 non
269 305 392 353 desiit
420 305 647 362 insultare,
679 306 882 369 gloriari,
911 317 953 352 et
986 305 1147 369 ubique
1178 306 1330 353 iaEtare
1352 342 1364 364 ,
1394 318 1437 354 et

158 381 361 442 acerbum
393 396 551 426 munus
579 380 698 426 suum
729 379 883 426 facere.
916 381 1067 427 Manet
1092 382 1236 443 itaque
1266 380 1437 429 benefi-

159 456 274 501 cium
291 490 305 513 ‚
331 454 532 518 quamvis
554 471 643 500 non
665 455 871 500 debeatur
894 471 903 499 ;
927 454 1048 500 sicuti
1076 454 1286 516 quaedam
1309 471 1442 516 pecu-

159 527 254 575 niae
269 563 281 582 ‚
301 528 355 575 de
373 527 530 590 quibus
549 529 614 573 ius
638 526 847 573 creditori
866 543 958 574 non
983 526 1145 573 dicitur
1160 562 1174 585 ,
1200 527 1443 584 debentur,

159 600 231 646 sed
258 616 346 646 non
375 599 622 661 exiguntur.

224 676 279 721 V.
313 675 430 720 Inter
459 673 669 719 beneficia
696 687 875 734 quoque
906 687 950 719 et
978 672 1154 720 iniurias
1182 672 1296 720 ratio
1327 690 1438 720 con·

157 745 305 790 fertur.
337 744 507 792 Dedisti
530 742 790 790 beneficium
814 760 823 787 ε
853 742 1053 789 iniuriam
1087 742 1233 805 postea
1262 742 1435 791 fecisti:

156 829 199 862 et
226 816 443 864 beneficio
479 815 614 880 gratia
647 816 855 872 debetur,
882 830 926 861 et
957 814 1136 860 iniuriae
1170 815 1294 861 uitio.
1338 817 1435 863 Nec

157 906 244 952 ego
272 890 334 935 illi
355 890 533 952 gratiam
562 888 700 934 debeo
720 919 733 942 ‚
765 905 845 935 nec
864 888 932 934 ille
960 888 1067 934 mihi
1086 905 1276 950 poenam
1300 906 1310 935 :
1332 890 1437 937 alter

157 963 212 1007 ab
244 963 380 1009 altero
412 961 668 1009 absolvitur.
710 961 824 1007 Cum
854 960 1061 1017 dicimus,
1085 961 1352 1009 Beneficium
1374 962 1435 1008 illi

157 1035 327 1081 reddidi
351 1051 473 1080 :non
502 1035 590 1080 hoc
618 1033 834 1090 dicimus,
860 1032 964 1079 illud
992 1048 1071 1080 nos
1097 1036 1222 1097 quod
1249 1052 1436 1099 accepe-

156 1124 302 1153 ramus
328 1107 558 1154 reddidisse
582 1126 592 1154 :
622 1108 691 1154 sed
712 1107 829 1152 aliud
851 1123 934 1168 pro
963 1106 1054 1153 illo.
1090 1108 1288 1155 Reddere
1314 1110 1436 1156 enim

156 1179 245 1236 est,
276 1196 367 1225 rem
393 1196 477 1241 pro
507 1197 551 1226 re
582 1180 698 1225 dare.
726 1178 926 1238 Quidni?
963 1196 1062 1225 cum
1095 1179 1239 1226 omnis
1272 1179 1436 1228 solutio

157 1268 248 1297 non
267 1251 382 1298 idem
404 1252 582 1308 reddat,
613 1251 684 1297 sed
701 1251 972 1297 tantundem.
1005 1251 1118 1295 Nam
1139 1263 1180 1296 et
1200 1253 1435 1312 pecuniam

157 1323 346 1369 dicimur
371 1324 627 1382 reddidisse,
656 1323 857 1386 quamvis
890 1322 1219 1369 numeravimus
1248 1341 1332 1385 pro
1362 1342 1434 1371 ar-

157 1395 320 1456 genteis
348 1411 528 1453 aureos,
552 1396 755 1458 quamvis
778 1412 871 1441 non
895 1394 1210 1442 intervenerint
1242 1400 1432 1453 nummi,

157 1466 229 1512 sed
247 1466 515 1529 delegatione
534 1482 578 1514 et
604 1468 750 1515 verbis
776 1468 964 1530 perfeEta
989 1468 1150 1514 solutio
1171 1470 1230 1515 sit.
1257 1471 1433 1518 Videris

157 1539 267 1585 mihi
301 1539 478 1586 dicere:
501 1541 646 1587 Perdis
665 1557 860 1602 operam.
902 1539 1128 1600 Quorsum
1157 1542 1274 1587 enim
1307 1542 1438 1603 perti*-

157 1624 230 1657 net
256 1610 362 1657 scire
390 1628 486 1667 me,
511 1629 565 1658 an
595 1628 768 1660 maneat
790 1613 911 1676 quod
938 1629 1029 1658 non
1056 1613 1272 1659 debetur?
1301 1613 1434 1660 luris*

158 1683 459 1729 consultorum
490 1683 589 1730 istae
616 1697 763 1731 acutae
793 1684 978 1746 ineptiae
1008 1683 1124 1740 sunt,
1154 1684 1228 1747 qui
1263 1686 1435 1731 heredi-

159 1771 294 1819 tatem·
319 1770 478 1820 negant
502 1757 679 1819 usucapi
707 1757 827 1819 poffe
847 1775 856 1802 :
879 1755 951 1804 sed
983 1773 1031 1803 ea
1053 1774 1162 1820 quae
1188 1757 1232 1802 in
1262 1758 1435 1805 heredi-

158 1843 245 1876 tate
276 1824 371 1875 sunt
400 1846 410 1873 ε
445 1842 652 1891 tanquam
689 1828 928 1891 quidquam
962 1828 1077 1874 aliud
1113 1828 1161 1873 fit
1191 1829 1437 1887 hereditas,

159 1920 290 1966 quarn
319 1920 370 1949 ea
398 1920 509 1966 quae
540 1903 584 1948 in
613 1902 851 1949 hereditate
885 1903 990 1948 sunt.
1017 1902 1124 1948 illud
1154 1902 1261 1947 mi'ni
1289 1903 1435 1964 potius

159 1977 374 2039 distingue
390 2011 403 2033 ‚
433 1976 556 2038 quod
578 1974 719 2036 potest
739 1975 790 2019 ad
812 1991 901 2020 rem
927 1974 1142 2037 pertinere
1158 2009 1171 2033 ,
1200 1991 1298 2020 cum
1318 1975 1436 2021 idem

161 2051 300 2095 homo
330 2046 588 2095 beneficium
621 2047 727 2093 mihi
763 2047 909 2101 dedit,
940 2059 982 2093 et
1014 2047 1162 2110 postea
1191 2047 1293 2094 fecit
1324 2047 1436 2094 iniu-

160 2122 296 2179 riam,
327 2135 472 2166 utrum
497 2131 539 2165 et
571 2119 832 2165 beneficium
866 2119 927 2165 illi
951 2121 1131 2167 reddere
1160 2120 1368 2174 debeam,
1397 2131 1439 2165 et

162 2212 232 2240 me
261 2195 315 2240 ab
342 2193 421 2238 illo
449 2187 732 2236 nihilominus
755 2191 976 2237 vindicare
996 2225 1009 2248 ‚
1033 2207 1083 2236 ac
1108 2191 1244 2237 Veluti
1268 2191 1441 2236 duobus

91 2315 104 2317 ,
163 2265 420 2313 nominibus
445 2262 676 2324 separatim
705 2263 1000 2324 respondere:
1027 2278 1080 2307 an
1111 2261 1291 2306 alterum
1321 2261 1440 2307 alteri

164 2337 472 2393 contribuere,
498 2346 540 2381 et
568 2334 673 2379 nihil
704 2333 867 2397 negotii
894 2334 1076 2389 habere,
1103 2349 1149 2379 ut
1179 2332 1440 2379 beneficium

163 2410 319 2457 iniuria
347 2408 544 2465 tollatur,
575 2404 792 2452 beneficio
820 2405 988 2451 iniuria.
1038 2405 1147 2450 Illud
1171 2405 1286 2450 enim
1308 2405 1441 2452 video

165 2485 209 2529 in
227 2481 330 2530 foro
347 2481 459 2529 fieri.
488 2480 596 2545 quid
616 2480 662 2526 in
690 2477 829 2528 vestra
850 2478 995 2525 schola
1022 2478 1128 2525 iuris
1147 2478 1224 2534 sit,
1255 2494 1337 2528 vos
1364 2482 1443 2527 ici,-

1114 2553 1142 2597 S
1179 2568 1204 2598 2
