1742 2967
354 129 454 204 De
505 156 945 203 BENEFICHS
1000 161 1232 207 mavi.
1336 161 1430 227 289

163 263 228 309 nis
257 263 512 309 habuerunt.
541 265 688 326 Itaque
713 281 804 309 non
823 264 994 326 possunt
1019 266 1160 312 videri
1181 267 1247 313 sua
1264 279 1430 315 tantum

165 336 286 382 causa
312 336 540 383 decurrere
555 373 568 394 ,
587 353 630 383 et
659 338 878 399 explicare
902 353 1013 400 opus
1043 339 1163 384 suum
1185 357 1195 384 :
1217 341 1317 402 quia
1338 358 1431 402 pars

166 410 311 470 operis
334 410 475 455 sumus
497 424 539 456 et
570 426 663 456 nos*
698 411 920 457 Debemus
946 427 1053 474 ergo
1076 425 1120 459 et
1142 412 1231 458 Soli
1250 445 1262 467 ‚
1285 428 1327 459 et
1347 416 1431 459 Lu-

164 498 269 538 nae,
297 495 338 527 et
357 481 511 527 ceteris
538 481 792 528 coelestibus
820 481 1109 531 beneficium:
1141 486 1239 548 quia
1270 487 1431 532 etiamst

168 553 341 614 potiora
366 551 445 598 illis
479 552 600 615 sunt,
635 554 678 599 in
710 569 819 615 quae
847 553 1071 612 oriuntur,
1106 572 1186 601 nos
1217 568 1359 602 tamen
1389 558 1435 603 in

170 626 336 670 maiora
369 624 471 670 ituri
502 623 669 671 iuvant.
700 625 873 680 Adiice,
904 627 1026 689 quod
1054 645 1107 673 ex
1132 628 1342 674 destinato
1367 630 1437 674 iu·

169 708 288 742 vant.
315 696 505 758 ideoque
521 696 700 760 obligati
720 697 862 743 sumus
876 733 888 754 ,
909 700 983 761 qui
1003 716 1093 745 non
1110 699 1154 746 in
1173 700 1437 748 beneficium

168 769 460 832 ignorantium
496 769 758 824 incidimus,
795 769 867 816 sed
898 771 1000 818 haec
1025 789 1133 836 quae
1168 773 1437 836 accipimus,

170 855 425 905 accepturos
443 843 629 889 scierunt
650 861 660 889 ε
683 857 725 890 et
743 860 991 907 quanquam
1012 846 1150 891 maius
1168 846 1247 900 illis
1270 863 1440 908 propo-

172 916 296 961 {itum
323 916 372 962 sit
388 952 400 972 ‚
425 916 650 978 maiorque
678 917 791 963 aetus
816 917 876 963 sui
904 916 1095 975 frufflis,
1117 934 1247 981 quam
1269 919 1441 965 servare

172 987 371 1047 mortalia
393 1006 404 1032 ε
425 1003 570 1033 tamen
596 987 641 1032 in
670 988 832 1034 nostras
851 1005 1029 1052 quoque
1046 991 1254 1038 Utilitates
1272 1008 1295 1036 a
1317 992 1441 1054 prin-

174 1060 295 1121 cipio
327 1076 470 1106 rerum
502 1059 725 1121 praemissa
745 1077 867 1108 mens
894 1061 980 1120 est,
1006 1077 1049 1108 et
1071 1063 1107 1108 is
1134 1064 1249 1108 ordo
1275 1065 1443 1110 mundo

152 1130 154 1133 ’
175 1134 298 1179 datus
312 1168 326 1189 ‚
344 1144 394 1179 ut
413 1147 616 1193 appareat
633 1149 782 1178 curam
803 1132 938 1179 nostri
957 1150 1045 1180 non
1070 1135 1180 1180 inter
1202 1135 1445 1182 ultima-ha-

174 1205 321 1251 bitam.
339 1205 565 1251 Debemus
581 1207 832 1267 parentibus
851 1206 1005 1253 nostris
1027 1207 1240 1270 pietatem,
1259 1223 1300 1255 et
1319 1209 1440 1255 multi

177 1294 268 1322 non
292 1289 340 1322 ut
359 1277 604 1339 gignerent,
624 1277 852 1325 »coierunn
880 1278 960 1323 Dii
990 1293 1079 1324 non
1104 1279 1277 1341 poffunt
1304 1280 1446 1325 videri

178 1348 354 1395 nesciffe
369 1383 382 1405 ‚
401 1349 505 1410 quid
523 1347 716 1395 effefiiuri
735 1349 867 1396 effent
879 1386 892 1407 ,
914 1367 1011 1396 cum
1029 1351 1233 1398 omnibus
1248 1346 1448 1397 alimenta

179 1421 380 1483 protinus
395 1455 407 1478 ,
438 1432 480 1466 et
499 1421 656 1467 auxilia
689 1420 963 1482 providerint
983 1438 993 1465 :
1020 1438 1100 1470 nec
1120 1439 1196 1470 eos
1221 1440 1298 1485 per
1315 1425 1452 1486 negli-

182 1495 370 1557 gentiam
389 1511 575 1557 genuere
588 1530 602 1552 ‚
631 1495 789 1558 quibus
808 1507 894 1541 tam
915 1497 1049 1542 multa
1071 1496 1343 1559 generabant.
1359 1498 1450 1542 Co-

181 1567 334 1627 gitavit
362 1567 480 1613 enim
509 1583 590 1614 nos
613 1583 713 1614 ante
738 1580 915 1626 natura,
940 1584 1069 1631 quam
1100 1568 1237 1616 fecit:
1263 1585 1342 1614 nec
1365 1580 1455 1615 tam

182 1642 280 1687 leve
305 1657 416 1702 opus
434 1639 576 1686 sumus
592 1675 606 1696 ‚
633 1655 681 1686 ut
707 1639 768 1686 illi
797 1640 1069 1702 potuerimus
1098 1640 1318 1688 excidere?
1338 1642 1455 1688 Vide

185 1724 394 1772 quantum
415 1711 544 1757 nobis
563 1709 826 1772 permiserit,
855 1726 984 1773 quam
1005 1727 1096 1757 non
1115 1711 1224 1758 intra
1257 1712 1458 1757 homines

185 1784 365 1830 humani
395 1783 569 1846 imperii
601 1783 803 1831 conditio
825 1783 887 1832 fit.
916 1785 1022 1832 vide
1047 1786 1094 1831 in
1118 1796 1329 1848 quantum
1358 1800 1458 1831 cor-

187 1856 367 1918 poribus
386 1856 531 1918 vagari
555 1855 707 1912 liceat,
730 1872 839 1919 quae
868 1873 959 1904 non
989 1857 1185 1904 coercuit
1209 1854 1295 1902 fine
1323 1867 1461 1902 terra-

188 1945 286 1974 rum
303 1962 316 1986 ,
345 1929 418 1975 sed
449 1944 628 1976 omnem
660 1928 706 1974 in
731 1942 902 1990 partem
929 1928 994 1975 sui
1022 1928 1144 1989 mitit.
1166 1929 1299 1984 vide,
1329 1927 1464 1975 animi

190 2014 402 2064 quantum
422 2003 630 2056 audeant,
655 2001 1029 2064 quemadmodum
1054 2002 1133 2048 soli
1161 2013 1233 2049 aut
1259 2003 1467 2049 noverint

190 2075 326 2130 deos,
353 2084 424 2119 aut
451 2085 686 2135 quaerant,
713 2085 755 2119 et
777 2087 924 2120 mente
951 2073 997 2119 in
1023 2074 1156 2120 altum
1185 2075 1283 2121 data
1318 2075 1469 2121 divina

190 2145 469 2194 comitentur.
487 2146 630 2202 Scias,
661 2161 754 2192 non
773 2144 856 2191 effe
881 2143 1108 2192 hominem
1136 2144 1468 2193 tumultuarium

193 2233 238 2264 et
256 2216 544 2280 incogitatum
573 2233 699 2279 opus.
735 2219 849 2264 Inter
875 2216 1066 2263 maxima
1094 2233 1240 2262 rerum
1266 2216 1435 2264 suarum
1455 2253 1471 2276 ,

194 2304 345 2336 natura
365 2288 474 2335 nihil
499 2289 628 2334 habet
647 2304 740 2351 quo
757 2287 894 2351 magis
917 2286 1130 2351 glorietur
1144 2322 1159 2345 ,
1178 2299 1250 2334 aut
1269 2301 1384 2336 certe
1399 2290 1473 2338 cui

194 2361 420 2425 glorietur.
443 2363 643 2421 Quantus
666 2359 743 2406 iste
761 2360 889 2407 furor
911 2360 998 2419 est,
1027 2359 1371 2407 controversiam
1390 2363 1474 2410 diis

195 2434 386 2482 muneris
408 2433 470 2479 sui
490 2433 664 2480 facere?
687 2434 939 2492 Quomodo
963 2432 1168 2483 adversus
1197 2448 1275 2480 eos
1298 2434 1371 2484 hic
1389 2436 1474 2485 erit

257 2500 307 2548 L.
324 2503 450 2546 Arm.
470 2502 635 2545 Seneca.
658 2501 754 2545 Vol.
770 2499 835 2546 ΙΙ.
1175 2496 1218 2543 T
