1742 2967
253 169 344 217 280
495 171 543 217 Ι..
588 169 878 221 ΑΝΝΑΕΙ
929 171 1283 218 SENECAE

247 277 555 327 circulatorem
576 279 733 327 resedit
748 315 763 338 ,
789 292 832 327 et
852 279 957 327 dum
975 296 1110 344 vagus
1129 291 1260 342 atque
1286 295 1386 327 erro
1416 288 1522 328 ver-⁴

247 352 409 401 naculis
430 369 719 417 congregatur
735 367 777 400 et
801 355 936 412 ludit,
961 355 1248 401 transeuntem
1269 355 1490 401 Platonem
1506 388 1521 411 ‚

244 441 376 488 quem
405 441 495 472 non
521 424 786 489 quaesierat,
814 425 994 474 invenit.
1014 427 1139 473 Illum
1154 463 1168 485 ,
1191 427 1354 490 inquit,
1374 427 1524 473 lauda-

243 496 386 542 bimus
407 513 610 558 puerum,
630 497 734 560 qui,
754 512 964 561 quantum
986 498 1030 544 in
1049 497 1091 546 se
1110 510 1200 545 erat
1214 534 1226 554 ,
1253 499 1373 561 quod
1395 499 1523 546 iuffus

242 568 304 616 est
329 570 462 617 fecit:
493 569 611 618 hunc
641 569 828 618 feliciter
856 569 1041 618 inertem
1073 573 1385 636 castigabimus.
1423 575 1523 619 Vo-

241 644 379 689 luntas
398 641 482 700 est,
509 659 620 706 quae
635 642 749 707 apud
772 659 852 690 nos
869 644 994 706 ponit
1022 645 1246 692 officium:
1267 645 1390 691 cuius
1420 645 1522 692 vide

243 734 353 781 quae
383 718 584 765 conditio
612 716 693 775 fit,
719 729 767 764 ut
800 734 869 765 me
900 718 1049 765 debito
1079 718 1331 782 obstringat.
1364 721 1521 765 Parum

241 791 303 838 est
331 791 391 837 illi
410 791 553 850 velle,
585 791 661 837 nifi
688 790 858 853 profuit
884 808 894 838 ε
920 809 1075 854 parum
1102 791 1162 837 est
1187 791 1421 854 profuisse,
1446 792 1519 838 nifi

241 863 402 911 voluit.
422 865 524 910 Puta
549 863 666 909 enim
691 865 882 927 aliquem
903 865 1071 911 donare
1100 865 1288 912 voluisse
1304 897 1318 920 ,
1338 881 1417 912 nec
1435 865 1519 911 do·-

239 939 378 997 nass‘e3
409 939 603 986 animum
630 939 810 1003 quidem
839 940 932 986 eius
960 940 1130 998 habeo,
1156 939 1228 986 sed
1258 940 1520 988 beneficium

239 1019 332 1060 non
369 1011 510 1059 habeo
541 1029 552 1059 ε
589 1012 714 1076 quod
751 1004 1024 1059 consummat
1055 1027 1098 1060 et
1128 1029 1195 1058 res
1216 1048 1228 1070 ,
1264 1025 1308 1059 et
1341 1013 1522 1062 animus.

240 1086 689 1148 Quemadmodum-ei
709 1084 785 1149 qui
802 1086 946 1134 voluit
961 1087 1070 1133 mihi
1090 1085 1266 1149 quidem
1287 1086 1528 1149 pecuniam

238 1159 442 1218 credere,
464 1158 535 1206 sed
554 1175 645 1205 non
662 1159 810 1216 dedit,
831 1158 937 1205 nihil
958 1159 1126 1207 debeo:
1145 1159 1205 1205 ita
1223 1158 1262 1206 ei
1283 1159 1356 1223 qui
1379 1159 1522 1206 voluit

238 1232 346 1279 mihi
369 1230 645 1280 beneficium·
665 1232 766 1280 dare
783 1269 796 1289 ,
821 1231 891 1279 sed
921 1249 1009 1279 non
1032 1232 1200 1295 potuit,
1233 1234 1398 1280 amicus
1417 1233 1520 1297 qui-

238 1308 337 1353 dem
368 1322 477 1365 ero,
513 1305 586 1353 sed
618 1322 709 1352 non
741 1306 971 1370 obligatus.
998 1308 1051 1353 Et
1077 1307 1225 1354 volam
1262 1307 1324 1353 illi
1356 1308 1519 1370 aliquid

237 1380 477 1444 praestare:
501 1397 600 1428 nam
620 1394 662 1428 et
681 1381 751 1428 ille
771 1381 915 1428 voluit
941 1381 1064 1428 mihi.
1095 1394 1286 1428 ceterum
1317 1381 1345 1427 sn
1365 1382 1518 1444 benig-

238 1454 365 1500 niore
390 1453 566 1501 fortuna
596 1454 695 1502 usus
720 1455 970 1517 praestitero
986 1491 998 1513 ,
1030 1455 1291 1503 beneficium
1322 1457 1487 1503 dedero
1507 1491 1521 1513 ,

238 1543 329 1573 non
357 1528 535 1591 gratiam
559 1527 766 1575 retulero.
788 1528 860 1574 llle
888 1527 995 1574 mihi
1022 1528 1207 1591 gratiam
1238 1526 1412 1574 debebit
1446 1545 1518 1575 re-

237 1600 349 1648 ferre
369 1619 379 1647 ε
403 1601 505 1649 hinc
526 1601 696 1648 initium
716 1618 738 1648 a
763 1618 834 1648 me
862 1600 937 1649 fiet
961 1600 1229 1650 numerandi.

302 1675 402 1721 ΧΠ.
436 1673 633 1737 intelligo
663 1672 748 1720 iam
776 1674 882 1737 quid
903 1673 1014 1721 velis
1035 1691 1255 1737 quaerere.
1290 1690 1382 1720 non
1407 1690 1518 1738 opus

239 1746 300 1794 est
328 1759 370 1792 te
397 1747 542 1793 dicere
568 1745 743 1793 :vultus
764 1757 858 1793 tuus
885 1746 1091 1810 loquitur.
1113 1746 1156 1792 Si
1183 1748 1279 1810 quis
1308 1747 1380 1794 sua
1397 1748 1519 1795 causa

237 1820 364 1866 nobis
391 1818 586 1877 profuit,
620 1818 746 1876 eine,
780 1819 925 1881 inquis
945 1854 958 1877 ,
988 1819 1168 1864 debetur
1199 1818 1398 1881 aliquid?
1431 1820 1517 1867 hoc

238 1893 352 1940 enim
383 1893 505 1953 saepe
528 1907 571 1938 te
597 1904 937 1955 conquerentem
970 1892 1101 1937 audio
1121 1927 1133 1949 ,
1152 1892 1273 1954 quod
1302 1892 1516 1953 quaedam

236 1984 348 2031 quae
367 1966 567 2013 homines
594 1966 670 2013 fibi
699 1965 911 2026 praestant
927 2000 939 2021 ‚
964 1965 1056 2011 aliis
1075 1965 1300 2027 imputant.
1329 1964 1517 2022 Dicam,

238 2039 296 2084 mi
314 2037 548 2085 Liberalis:
567 2038 634 2084 sed
656 2037 770 2098 prius
784 2037 896 2083 hanc
912 2035 1284 2098 quaestiunculam
1303 2037 1517 2093 dividam,

237 2124 279 2157 et
299 2128 389 2157 rem
410 2127 589 2172 aequam
610 2110 662 2155 ab
683 2109 833 2171 iniqua
855 2109 1080 2171 separabo.
1106 2109 1291 2154 Multum
1310 2109 1427 2156 enim
1449 2109 1517 2155 in-

238 2183 364 2229 terest
382 2219 394 2238 ‚
420 2195 562 2229 utrum
586 2181 738 2244 aliquis
758 2180 1016 2227 beneficium
1039 2180 1166 2228 nobis
1189 2180 1262 2227 det
1279 2179 1346 2226 sua
1365 2180 1516 2236 causa,

238 2273 291 2301 an
312 2257 478 2302 nostra:
499 2274 550 2302 an
570 2257 638 2302 sua
655 2267 697 2302 et
718 2255 874 2302 nostra.
896 2255 964 2302 me
982 2255 1057 2317 qui
1078 2268 1195 2302 totus
1212 2255 1264 2300 ad
1283 2255 1321 2301 se
1339 2255 1513 2317 spectat,

238 2342 279 2373 et
300 2328 424 2373 nobis
444 2326 643 2390 prodest,
672 2327 771 2388 quia
791 2326 913 2372 aliter
929 2326 1003 2372 libi
1021 2326 1220 2388 prodesse
1239 2342 1328 2371 non
1348 2327 1512 2388 potest:

239 2415 294 2444 eo
313 2400 414 2446 loco
438 2399 543 2445 mihi
566 2399 657 2455 est,
688 2416 780 2460 quo
811 2399 887 2461 qui
919 2390 1069 2462 pecffri
1097 2398 1175 2445 suo
1209 2399 1438 2445 hibernum
1471 2414 1513 2446 et

204 2500 210 2508 ·
240 2471 448 2519 aestivum
470 2473 672 2534 pabulum
694 2473 903 2536 prospicit
924 2490 937 2528 ;
963 2491 1018 2519 eo
1044 2473 1147 2519 loco
1164 2504 1177 2528 ,
1202 2489 1292 2536 quo
1317 2473 1392 2538 qui
1411 2489 1514 2536 capa
