1742 2967
277 173 367 222 182
509 175 910 223 L..ANNAEI
959 175 1314 226 SENECAE

270 298 364 328 non
395 281 583 330 habent:
607 282 730 345 saepe
763 282 875 328 intra
906 283 1081 330 tacitam
1108 285 1298 332 duorum
1329 283 1557 333 conscien-

271 354 379 402 tiam
398 355 547 402 latent.
568 358 640 401 An
661 356 747 402 hoc
773 354 1019 402 inducimus
1034 390 1048 414 ‚
1070 370 1118 404 ut
1143 375 1198 405 ne
1222 360 1374 406 demus
1394 357 1560 405 benefi-

271 426 338 476 cia
359 427 446 475 fine
465 427 600 476 teste?
630 430 774 487 Quam
798 427 959 475 deinde
987 445 1178 491 poenam
1198 430 1373 494 ingratis
1394 429 1560 477 consti-

270 514 444 551 tuamus
475 503 494 551 ?
537 521 667 551 unam
700 504 908 551 omnibus
929 538 943 563 ‚
976 521 1078 552 cum
1125 506 1306 570 disparia
1350 506 1559 554 beneficia

270 575 385 623 sint?
411 594 464 623 an
485 576 758 639 inaequalem
773 612 786 635 ‚
809 589 852 623 et
880 594 963 639 pro
990 579 1198 638 cuiusque
1220 579 1436 627 beneficio
1463 597 1560 626 ma-

270 647 416 696 iorem
433 685 446 707 ‚
477 662 550 696 aut
576 649 824 697 minorem?
854 653 973 713 Age,
1000 651 1119 705 intra
1150 653 1387 715 pecuniam
1413 652 1561 700 ver-sa-

272 721 390 769 bitur
422 721 589 769 taxatio
619 740 630 768 :
666 722 774 785 quid
805 723 926 783 quod
961 725 1174 787 quaedam
1204 723 1418 772 beneficia
1447 724 1561 772 vitae

271 794 395 851 sunt,
413 808 456 842 et
489 793 654 842 maiora
678 795 797 842 vita?
823 796 902 841 His
922 813 1032 858 quae
1061 796 1414 858 pronuntiabitur
1444 813 1556 859 poes-

271 868 363 915 na?
392 867 540 914 Minor
574 867 832 916 beneficio?
866 868 1013 930 iniqua
1038 868 1110 916 est.
1154 871 1234 915 Par
1264 881 1306 916 et
1337 869 1561 932 capitalis?

273 941 384 1005 quid
412 939 722 1001 inhumaniu52'
748 957 880 1005 quam
906 955 1110 989 cruentos
1136 941 1219 989 effe
1245 941 1563 990 beneficiorum

273 1015 417 1063 exitus
432 1015 450 1062 ἓ

340 1089 421 1135 ΧΙ.
450 1086 705 1148 Quaedam,
734 1085 905 1150 inquit,
935 1085 1161 1149 privilegia
1187 1086 1438 1149 parentibus
1467 1087 1566 1135 data

275 1159 384 1207 sunt.
400 1159 651 1220 Quomodo
668 1159 826 1206 horum
848 1169 968 1204 extra
983 1158 1183 1204 ordinem
1204 1158 1346 1204 habita
1361 1157 1472 1204 ratio
1484 1157 1565 1217 est,

278 1231 337 1279 fic
361 1231 548 1278 aliorum
577 1247 761 1294 quoque
795 1228 1113 1276 beneficiorum
1144 1229 1289 1276 haberi
1317 1230 1458 1276 debet.
1487 1231 1567 1276 Pa-

277 1315 452 1353 rentum
475 1303 781 1350 conditionem
803 1303 1095 1359 sacravimus,
1118 1302 1218 1362 quia
1239 1302 1497 1364 expediebat
1516 1302 1568 1348 li·-

278 1373 410 1420 beros
440 1371 534 1418 tolli
554 1389 564 1417 :
584 1371 844 1419 sollicitandi
876 1372 929 1417 ad
959 1371 1074 1418 hunc
1105 1371 1300 1417 laborem
1331 1386 1476 1430 erant,
1500 1372 1570 1418 in-

277 1456 440 1493 certam
458 1442 614 1489 adituri
636 1441 872 1489 fortunam.
892 1443 997 1494 Non
1022 1455 1196 1503 poterat
1213 1442 1294 1487 illis
1315 1441 1424 1500 dici,
1443 1443 1568 1505 quod

282 1514 494 1564 beneficia
515 1514 714 1561 dantibus
733 1513 914 1562 dicitur:
928 1513 1015 1559 Cui
1035 1513 1134 1568 des,
1152 1512 1276 1576 elige.
1297 1512 1384 1575 ipse
1403 1526 1570 1572 tecum,

280 1588 314 1635 fi
332 1588 541 1649 deceptus
557 1603 625 1645 es,
643 1602 840 1649 querere.
859 1585 1040 1648 dignum
1062 1584 1236 1631 adiuva.
1257 1587 1303 1630 In
1322 1585 1468 1632 liberis
1482 1586 1569 1633 tol-

281 1660 421 1709 lendis
440 1659 547 1706 nihil
573 1660 739 1707 iudicio
758 1658 1000 1706 tollentium
1020 1657 1148 1704 licet:
1181 1670 1272 1704 tota
1294 1674 1362 1705 res
1379 1659 1477 1705 voti
1495 1659 1571 1709 est.

282 1736 434 1797 Itaque
458 1746 506 1780 ut
533 1733 743 1797 aequiore
769 1732 919 1778 animo
944 1732 1111 1778 adirent
1131 1733 1295 1789 aleam,
1315 1732 1457 1778 danda
1486 1732 1568 1779 illis

284 1806 426 1869 aliqua
457 1805 642 1869 potessas
665 1805 760 1852 fuit.
792 1804 971 1852 Deinde
993 1804 1074 1850 alia
1100 1804 1299 1852 conditio
1318 1804 1378 1851 est
1408 1821 1570 1867 paren·

283 1890 377 1927 tum
400 1911 415 1934 ‚
445 1878 520 1941 qui
545 1876 755 1924 beneficia
772 1913 786 1933 ,
813 1877 971 1940 quibus
1005 1878 1241 1935 dederunt,
1273 1878 1378 1923 dant
1411 1877 1572 1924 nihilo-

285 1953 433 1999 minus
458 1951 686 2014 daturique
706 1950 800 1996 sunt
822 1967 831 1995 2
852 1966 933 1996 nec
957 1948 1016 1995 est
1038 1949 1281 2011 periculum
1295 1984 1308 2007 ,
1332 1966 1386 1996 ne
1406 1948 1571 1997 dedisse

286 2025 330 2072 se
354 2024 436 2071 illis
460 2023 737 2070 mentiantur.
768 2025 816 2067 ln
838 2020 993 2068 ceteris
1012 2022 1160 2083 quaeri
1181 2022 1342 2078 debet,
1366 2037 1457 2068 non
1475 2033 1573 2069 tan-

286 2111 383 2146 tum
406 2114 459 2144 an
483 2096 754 2159 receperint,
776 2095 847 2143 sed
867 2113 920 2142 an
943 2095 1156 2143 dederint.
1185 2097 1363 2143 Horum
1387 2095 1432 2142 in
1455 2112 1571 2145 cono

290 2170 402 2217 fesso
421 2169 571 2216 merita
591 2168 685 2215 sunt
705 2186 715 2215 :
735 2181 777 2215 et
795 2168 896 2232 quia
923 2168 1026 2214 utile
1044 2158 1103 2214 est
1124 2167 1343 2215 iuventuti
1359 2168 1472 2232 regi,
1490 2169 1573 2217 im-

290 2243 517 2306 posuimus
536 2242 596 2288 illi
619 2240 736 2304 quali
756 2240 1019 2289 domesticos
1041 2241 1311 2305 magistratus
1326 2274 1339 2296 ‚
1368 2242 1442 2290 sub.
1458 2257 1573 2304 quo-

290 2333 389 2363 rum
405 2316 600 2363 custodia
618 2314 928 2363 contineretur.
943 2316 1117 2367 Deinde
1133 2316 1330 2363 omnium
1345 2327 1572 2377 parentum

293 2407 429 2436 unum
450 2402 538 2436 erat
555 2389 844 2437 beneficium:
875 2390 1022 2454 itaque
1040 2389 1249 2438 aestimari
1267 2390 1395 2436 semel
1414 2388 1574 2452 potuit.²

292 2461 372 2515 alia
396 2463 563 2513 diversa
591 2463 687 2518 [unt
707 2498 722 2529 2
754 2463 968 2517 diffimilia
984 2500 1000 2527 ‚
1027 2462 1209 2517 infinitis
1239 2463 1351 2515 inter
1369 2462 1410 2512 se
1437 2462 1570 2515 inter-2
