1742 2967
354 190 455 237 DE
501 176 937 240 BENEFICHS
981 194 1116 242 L113.
1160 197 1219 243 v.
1339 196 1430 257 267

161 312 253 344 non
282 297 527 345 mehercule
552 298 660 346 scivi
687 300 775 347 hoc
799 314 843 347 te
864 301 1128 359 desiderare,
1150 301 1348 365 alioquin
1364 303 1431 350 ul-

162 380 233 416 tro
253 370 515 417 obtulissem.
537 373 671 436 Rogo
691 389 745 419 ne
765 390 835 420 me
853 373 1070 436 ingratum
1089 375 1328 422 existimes:
1344 392 1436 423 me-

161 442 268 488 mini
293 444 399 506 quid
416 444 523 490 mihi
547 445 820 507 praestiteris.
846 447 940 492 Hos
957 463 1041 510 ego
1057 464 1190 511 quare
1213 448 1433 507 dubitem,

161 527 205 562 et
236 516 312 562 fibi
333 517 536 564 meliores
571 529 614 564 et
638 518 747 564 mihi
777 517 954 566 facere?
994 521 1316 584 Quemcunque
1346 537 1434 583 po-

160 597 316 646 tuero,
340 605 520 652 peccare
541 591 790 652 prohibebo
805 626 818 648 ‚
843 593 983 639 multo
1005 594 1140 657 magis
1158 592 1368 649 amicum,
1389 603 1435 640 et

160 677 214 708 ne
243 676 429 724 peccet,
469 676 512 710 et
541 682 596 711 ne
628 664 673 711 in
703 681 774 711 me
811 666 1080 727 potissimum
1117 680 1282 729 peccet.
1314 667 1435 713 Alte-

160 749 257 778 rum
289 734 348 780 illi
377 735 640 782 beneficium
670 737 753 794 do,
781 738 812 784 fi
836 739 957 785 illum
991 739 1205 802 ingratum
1232 739 1315 786 esse
1340 756 1433 787 non

159 807 330 869 patior:
354 824 433 855 nec
453 809 560 855 dure
582 808 643 854 illi
670 811 951 872 exprobrabo
981 828 1092 874 quae
1118 812 1334 874 praestiti,
1359 812 1432 860 sed

156 894 288 940 quam
321 893 483 941 potero
516 880 791 939 mollissime,
820 895 867 928 ut
895 883 1149 944 potestatem
1182 883 1434 932 referendae

156 951 319 1012 gratiae
345 951 498 998 faciam
516 987 530 1010 ,
573 952 804 1000 renovabo
829 955 1091 1002 memoriam
1123 954 1214 1001 eius
1236 991 1250 1013 ‚
1285 966 1329 1001 et
1356 972 1433 1018 pe-

157 1035 247 1069 tam
278 1023 542 1072 beneficium
574 1042 586 1071 τ
614 1025 703 1089 ipse
736 1042 806 1073 me
840 1043 1035 1090 repetere
1074 1028 1297 1092 intelliget.
1338 1029 1436 1075 Ali-

156 1099 336 1160 quando
368 1111 462 1145 utar
494 1099 644 1147 verbis
678 1099 960 1158 durioribus,
987 1100 1016 1146 fi
1050 1101 1273 1148 emendari
1308 1101 1436 1148 illum

157 1169 392 1232 speravero
419 1170 551 1233 poffe.
584 1188 685 1217 nam
709 1172 984 1233 deploratum
1012 1185 1193 1235 propter
1214 1173 1304 1219 hoc
1318 1189 1438 1236 quo-

157 1259 245 1305 que
269 1259 361 1290 non
381 1243 634 1306 exagitabo,
651 1260 705 1290 ne
732 1260 787 1291 ex
810 1244 982 1307 ingrato
1006 1244 1232 1293 inimicum
1256 1243 1434 1293 faciam.

156 1316 330 1375 Quodsi
356 1316 671 1363 admonitionis
702 1333 881 1380 quoque
913 1318 1255 1381 suggillationem
1284 1317 1437 1380 ingra-

159 1386 213 1432 tis
234 1386 513 1445 remittimus,
534 1387 751 1451 segniores
768 1388 819 1434 ad
838 1389 1055 1434 reddenda
1073 1387 1282 1435 beneficia
1302 1388 1437 1436 facie-

157 1475 268 1506 mus.
293 1460 523 1519 Quosdam
543 1477 654 1507 vero
675 1460 877 1508 sanabiles
903 1473 945 1507 et
972 1461 1047 1524 qui
1079 1460 1171 1507 fieri
1201 1461 1309 1507 boni
1327 1460 1435 1523 pos·

157 1533 274 1589 sunt,
302 1533 333 1578 fi
362 1533 468 1595 quid
499 1532 598 1580 illos
618 1533 936 1591 momorderit,
962 1534 1105 1595 perire
1134 1533 1347 1596 patiemur
1361 1534 1436 1580 ad-

155 1605 403 1652 monitione
423 1605 601 1662 sublata‚
622 1622 708 1669 qua
725 1602 768 1651 et
785 1617 906 1667 pater
924 1604 1062 1651 filium
1082 1606 1316 1667 aliquando
1335 1622 1436 1653 cor-

155 1680 291 1738 rexit,
321 1693 364 1727 et
396 1697 513 1728 uxor
545 1681 753 1727 maritum
779 1681 1052 1728 aberrantem
1082 1681 1136 1726 ad
1164 1680 1206 1728 se
1231 1679 1434 1738 reduxit,

155 1765 200 1799 et
219 1753 382 1798 amicus
408 1752 683 1815 languentem
712 1751 842 1799 amici
868 1751 1000 1799 fidem
1019 1752 1169 1799 erexit.

220 1825 386 1871 XXIII.
413 1825 605 1884 Quidam
634 1839 683 1871 ut
711 1824 1088 1888 expergiscantur,
1110 1840 1200 1871 non
1224 1822 1436 1882 feriendi,

156 1896 231 1944 sed
262 1896 584 1945 commovendi
615 1897 709 1943 sunt
748 1915 759 1943 ε
792 1897 952 1944 eodem
985 1898 1124 1942 modo
1156 1896 1435 1960 quorundam

154 1971 209 2017 ad
227 1969 497 2017 referendam
526 1970 706 2033 gratiam
732 1970 841 2018 fides
862 1987 952 2017 non
974 1969 1127 2028 cessat,
1153 1971 1226 2017 sed
1250 1971 1437 2034 languet.

156 2043 270 2090 hanc
293 2045 596 2106 pervellamus.
616 2043 722 2090 Noli
744 2059 902 2090 munus
919 2054 1039 2089 tuum
1058 2043 1102 2089 in
1119 2042 1322 2090 iniuriam
1341 2058 1436 2089 ver·

155 2131 262 2165 tere.
289 2118 447 2164 Iniuria
470 2118 530 2165 est
555 2118 672 2164 enim
688 2153 701 2176 ‚
728 2116 755 2163 si
778 2117 824 2163 in
843 2117 930 2163 hoc
957 2134 1050 2164 non
1074 2116 1233 2179 repetis
1252 2150 1266 2172 ‚
1291 2127 1340 2161 ut
1361 2116 1433 2161 in-

155 2201 299 2253 gratus
321 2189 412 2236 fim.
439 2189 561 2250 Quid
590 2187 620 2234 si
652 2189 841 2251 ignoro,
867 2189 975 2251 quid
1007 2187 1251 2237 desideres?
1277 2187 1380 2250 quid
1406 2186 1436 2234 fi

155 2260 516 2322 occupationibus
535 2260 767 2316 districtus,
785 2271 827 2305 et
842 2259 888 2305 in
912 2260 991 2306 alia
1015 2272 1224 2316 vocatus,
1242 2259 1437 2306 occasio-

156 2349 255 2380 nem
285 2349 375 2378 non
394 2332 628 2380 observavi
648 2332 665 2378 ?
688 2330 865 2378 ostende
883 2332 989 2378 mihi
1007 2332 1110 2396 quid
1130 2332 1284 2394 poffim
1297 2367 1310 2390 ‚
1328 2330 1436 2394 quid

156 2406 278 2452 velis.
294 2407 443 2464 Quare
468 2405 688 2467 desperas,
710 2417 940 2466 antequam
962 2404 1130 2452 tentas?
1155 2405 1305 2463 Quare
1326 2419 1433 2464 pro-

153 2493 282 2543 peras
313 2490 355 2525 et
384 2477 646 2526 beneficium
667 2513 680 2538 ‚
710 2493 753 2526 et
790 2479 977 2526 amicum
995 2513 1010 2538 ,
1048 2477 1267 2544 perdere?
1307 2477 1435 2524 Unde
