1742 2967
298 133 390 180 322
523 118 573 162 L.
615 117 922 162 ANNAEI
963 118 1321 166 SENECAE

294 225 461 287 fugeret
481 221 668 270 occasio.
686 223 856 270 Eodem
879 240 989 288 ergo
1014 225 1120 272 loco
1139 242 1290 292 erunt,
1318 226 1388 275 ille
1404 228 1480 293 qui
1499 247 1579 278 cu-

292 315 384 345 ram
407 296 660 344 referendae
688 296 850 360 gratiae
871 296 1051 355 abiecit,
1077 310 1121 358 et
1148 298 1220 345 hic
1247 298 1322 362 qui
1352 317 1578 366 nunquam

292 372 346 417 ab
367 370 437 416 illa
457 370 650 417 receffit?
671 370 847 433 iniquus
879 386 946 426 es,
975 370 1006 416 fi
1035 387 1128 418 rem
1148 388 1171 417 a
1191 388 1262 418 me
1283 373 1445 437 exigis,
1477 393 1579 424 cum

280 444 438 493 'videas
475 442 670 489 animum
703 459 794 491 non
831 442 1026 490 defuifi'e.
1059 443 1128 490 Ad
1158 443 1371 492 summam
1394 481 1410 505 ,
1439 460 1579 510 puta,

287 536 388 566 cum
420 533 573 582 captus
603 517 708 564 esses
732 552 746 573 ,
783 533 854 563 me
885 516 1115 580 pecuniam
1148 530 1415 579 mutuatum,
1447 523 1578 570 rebus

288 592 396 638 meis
435 591 479 636 in
513 590 785 638 securitatem
819 589 1049 636 creditoris
1079 591 1323 652 oppositis,
1357 592 1578 655 navigasse

290 665 434 712 hieme
452 665 536 709 iam
556 663 708 720 saeva,
732 678 809 725 per
828 660 979 708 infesta
993 662 1234 709 latrociniis
1252 664 1405 720 litora,
1432 683 1580 713 emeno

286 738 377 785 sum
406 738 622 802 quidquid
650 737 834 800 periculi
868 735 1023 782 afferre
1051 735 1194 798 potest
1218 737 1346 784 etiam
1374 721 1576 802 pacatum

286 828 438 858 mare:
462 809 698 874 peragratis
725 809 932 854 omnibus
964 808 1300 867 solitudinibus,
1330 827 1431 857 cum
1460 828 1577 875 quos

287 903 423 935 nemo
444 903 535 932 non
561 884 756 949 fugiebat
774 898 859 946 ego
881 898 1134 945 quaererem
1149 918 1162 939 ,
1193 884 1368 930 tandem
1387 885 1440 931 ad
1459 885 1578 948 pira-

287 974 351 1024 tas
378 959 559 1025 perveni
585 977 596 1005 :
625 972 668 1005 et
690 959 776 1004 iam
806 968 848 1004 te
881 955 985 1004 alius
1016 958 1272 1005 redemerat.
1301 960 1476 1022 negabis
1504 978 1576 1008 me

287 1035 469 1098 gratiam
494 1032 720 1080 retulisse?
756 1029 942 1077 etiamne
961 1029 991 1075 fi
1023 1029 1068 1076 in
1091 1031 1161 1077 illa
1189 1032 1468 1095 navigatione
1497 1051 1578 1096 pe·-

288 1109 492 1166 cuniam,
526 1124 660 1171 quam
696 1104 816 1152 saluti
847 1116 947 1151 tuae
980 1116 1312 1163 contraxeram,
1346 1107 1578 1170 naufragus

288 1181 486 1246 perdidi?
504 1181 695 1227 etiamne
712 1178 742 1224 si
758 1178 802 1224 in
822 1177 997 1225 vincula
1014 1194 1124 1241 quae
1142 1178 1370 1227 detrahere
1389 1181 1470 1227 tibi
1489 1198 1577 1228 vo-

289 1257 371 1316 lui,
391 1258 478 1321 ipse
497 1255 664 1303 incidi?
683 1253 874 1318 Negabis
893 1269 964 1299 me
980 1253 1167 1300 retulisse
1185 1254 1394 1317 gratiam?
1413 1258 1469 1303 At
1484 1272 1577 1303 me-

286 1331 433 1380 hercle
463 1326 770 1383 Athenienses,
797 1324 1095 1371 Harmodium
1131 1339 1174 1372 et
1202 1325 1545 1389 Aristogitonem
1562 1361 1578 1385 ‚

288 1402 588 1471 tyrannicidas
612 1411 806 1448 vocant:
840 1411 883 1446 et
911 1398 1055 1446 Mucii
1086 1415 1241 1445 manus
1268 1398 1312 1445 in
1332 1398 1476 1445 hostili
1503 1415 1579 1445 ara

288 1479 466 1531 relicta,
496 1475 628 1522 instar
645 1472 778 1521 occifi
798 1472 1011 1522 Porsenae
1036 1472 1120 1518 fuit
1142 1490 1152 1518 :
1173 1483 1217 1518 et
1236 1471 1406 1535 semper
1423 1488 1578 1520 contra

291 1553 518 1598 fortunam
536 1547 691 1593 luElata
709 1544 850 1591 virtus
865 1579 878 1602 ,
897 1543 1026 1590 etiam
1057 1543 1167 1590 citra
1183 1543 1383 1590 effefium
1403 1560 1577 1607 propo-

291 1626 357 1673 fiti
378 1623 550 1686 operis,
573 1619 743 1666 enituit.
769 1619 870 1664 Plus
896 1616 1129 1680 praestitit,
1158 1619 1233 1681 qui
1260 1617 1476 1680 fugientes
1495 1635 1577 1665 oc-

293 1700 488 1748 casiones
516 1697 685 1744 secutus
704 1693 791 1751 est,
818 1703 862 1739 et
886 1693 967 1738 alia
991 1704 1121 1755 atque
1148 1691 1229 1738 alia
1256 1690 1471 1753 captavit,
1499 1708 1578 1754 per

291 1788 403 1831 (guae
438 1769 603 1817 referre
631 1765 813 1831 gratiam
843 1764 1011 1827 posset,
1044 1779 1172 1825 quam
1211 1779 1343 1825 quem
1373 1760 1462 1809 fine
1486 1763 1578 1809 ullo

294 1844 452 1892 sudore
482 1855 649 1906 gratum
680 1840 820 1903 prima
845 1838 948 1885 fecit
977 1837 1164 1885 occasio.

359 1922 463 1967 XV.
495 1920 644 1973 Duas,
669 1915 812 1978 inquit
827 1946 841 1969 ‚
866 1929 934 1959 res
954 1913 1023 1958 ille
1043 1912 1125 1958 tibi
1149 1907 1387 1971 praestitit,
1410 1906 1576 1955 volun-

293 2005 455 2049 tatem,
489 2005 532 2037 et
554 2006 649 2036 rem
680 2007 690 2034 ε
721 2001 770 2033 tu
806 2002 984 2050 quoque
1015 1984 1079 2030 illi
1109 1983 1216 2030 duas
1244 1981 1387 2028 debes.
1412 1981 1580 2027 Merito

294 2065 408 2111 istud
423 2063 590 2109 diceres
609 2060 672 2117 ei,
687 2059 760 2122 qui
779 2058 858 2104 tibi
874 2054 1064 2104 reddidit
1080 2054 1354 2103 voluntatem
1369 2051 1576 2101 otiosam:

295 2135 397 2182 huic
429 2149 540 2183 vero
556 2164 570 2187 ‚
593 2132 670 2194 qui
696 2143 740 2178 et
763 2129 888 2186 vult,
918 2143 961 2175 et
985 2138 1198 2185 conatur,
1228 2137 1270 2172 et
1293 2124 1402 2171 nihil
1433 2123 1579 2170 inten-

295 2220 432 2256 tatum
463 2204 670 2268 relinquit
687 2239 700 2262 ‚
727 2218 819 2249 non
847 2211 977 2265 potes
1005 2200 1166 2246 dicere.
1199 2209 1433 2260 utrumque
1459 2196 1578 2243 enim

295 2280 501 2344 praestat,
531 2275 804 2343 quantumin
822 2274 864 2322 se
886 2273 961 2321 est.
979 2272 1179 2330 Deinde,
1197 2286 1291 2318 non
1307 2269 1478 2332 semper
1494 2285 1579 2316 nu-

292 2370 422 2401 mero
443 2367 650 2400 numerus
673 2348 921 2412 aequandus
938 2345 1012 2394 est.
1045 2345 1283 2409 aliquando
1305 2359 1391 2390 una
1407 2358 1476 2389 res
1494 2356 1580 2404 pro

294 2426 462 2474 duabus
486 2425 619 2475 valet.
645 2426 796 2488 Itaque
815 2421 1027 2470 inlocum
1057 2419 1122 2469 rei
1141 2416 1334 2466 succedit
1359 2426 1446 2464 tam
1467 2429 1578 2478 pro-
