1742 2967
286 205 374 252 116
514 203 564 249 L.
620 201 916 248 ANNAEI
967 200 1322 249 SENECAE

279 311 462 368 docent,
489 309 754 375 quaerimus.
787 309 918 356 Duae
938 309 1153 357 maximae
1180 311 1224 357 in
1250 311 1332 358 hac
1364 327 1411 357 re
1436 305 1557 356 diffi-

277 388 382 435 dent
407 387 544 434 seclae
566 421 580 444 ,
611 384 932 447 Epicureorum
964 398 1007 430 et
1033 384 1316 432 Stoicorum:
1345 385 1416 432 sed
1441 398 1558 432 utra-

275 478 363 524 que
389 462 443 508 ad
468 460 609 507 otium
631 457 802 505 diversa
829 457 902 504 via
926 456 1072 504 mittit.
1096 459 1310 520 Epicurus
1340 459 1399 505 ait
1419 476 1429 504 ε
1451 460 1558 505 Non

277 533 456 580 accedet
476 533 530 578 ad
552 531 887 594 Rempublicam
919 531 1108 592 sapiens,
1130 529 1206 576 nist
1232 529 1263 576 fi
1289 531 1397 594 quid
1419 530 1559 577 inter-

276 605 464 652 venerit.
487 605 640 650 Zenon
664 603 722 649 ait
742 620 753 649 :
780 603 972 650 Accedet
990 602 1043 648 ad
1062 603 1404 665 rempublicam,
1430 602 1507 648 nifi
1527 602 1558 648 fi

274 678 381 742 quid
407 678 670 740 impedierit.
694 677 815 723 Alter
840 677 985 723 otium
1009 693 1062 722 ex
1089 675 1322 738 proposito
1342 677 1472 739 petit,
1501 677 1560 723 al-

275 761 341 796 ter
364 767 419 797 ex
449 749 587 796 causa.
625 749 764 795 Causa
789 760 931 794 autem
960 747 1029 793 illa
1057 747 1138 794 late
1167 759 1296 809 patet.
1325 749 1356 795 fi
1383 751 1559 812 respub-

274 822 357 870 lica
381 822 635 885 corruptior
662 821 751 877 est,
781 837 909 885 quam
939 832 987 867 ut
1014 820 1213 868 adiuvari
1241 822 1398 884 poffit‚
1429 823 1459 868 fi
1479 839 1559 869 oc-

275 910 432 960 cupam
444 896 504 942 est
525 895 675 950 malis3
696 912 787 942 non
803 895 965 940 nitetur
981 894 1148 956 sapiens
1161 894 1204 939 in
1220 894 1556 957 supervacuum,

274 987 357 1018 nec
384 970 425 1016 se
450 969 557 1015 nihil
587 967 843 1032 profuturus
868 968 1092 1028 impendet
1113 985 1123 1012 :
1151 967 1182 1012 fi
1207 984 1359 1029 parum
1387 969 1561 1015 habebit

234 1043 236 1046 ’
274 1042 541 1089 auctoritatis
582 1053 655 1088 aut
694 1041 895 1096 virium3
942 1057 1024 1086 nec
1059 1040 1179 1086 illum
1216 1040 1299 1087 erit
1329 1042 1561 1088 admissura

275 1114 552 1177 respublica,
587 1113 619 1159 fi
649 1113 859 1161 valetudo
894 1112 1014 1157 illum
1052 1111 1274 1173 impediet.
1311 1114 1561 1173 Quomodo

274 1206 434 1236 navem
467 1187 658 1251 quassam
686 1204 778 1233 non
805 1186 1042 1233 deduceret
1070 1186 1114 1231 in
1141 1202 1262 1232 mare
1279 1222 1292 1244 ,
1324 1189 1561 1251 quomodo

274 1278 440 1308 nomen
475 1261 521 1307 in
553 1260 754 1307 militiam
790 1275 881 1305 non
918 1259 1040 1305 daret
1075 1258 1261 1304 debilis:
1303 1260 1360 1307 fic
1392 1262 1445 1307 ad
1479 1261 1561 1308 iter

275 1334 400 1396 quod
433 1333 623 1380 inhabile
663 1331 797 1389 sciet,
830 1348 920 1377 non
961 1331 1151 1378 accedet.
1192 1331 1336 1378 Potest
1374 1350 1483 1396 ergo
1517 1346 1561 1381 et

274 1406 376 1463 ille,
417 1406 489 1452 cui
515 1405 666 1452 omnia
701 1405 843 1451 adhuc
877 1403 923 1449 in
962 1403 1134 1466 integro
1160 1403 1286 1461 sunt,
1322 1418 1556 1469 antequam

277 1481 382 1526 ullas
414 1479 662 1542 experiatur
697 1477 995 1539 tempestates,
1027 1477 1074 1522 in
1107 1489 1208 1523 tuto
1244 1477 1480 1536 subsistere,
1516 1492 1559 1527 et

274 1554 477 1616 protinus
498 1552 810 1600 commendare
834 1552 874 1598 se
895 1551 1026 1598 novis
1053 1552 1240 1597 artibus:
1267 1562 1310 1597 et
1332 1551 1438 1598 illud
1460 1554 1558 1600 bea-

273 1638 367 1671 tum
398 1625 540 1671 otium
570 1624 769 1687 exigere,
800 1625 1011 1670 virtutum
1041 1624 1209 1680 cultor,
1238 1641 1348 1688 quae
1367 1627 1558 1674 exerceri

276 1699 406 1745 etiam
428 1716 449 1744 a
474 1697 747 1762 quietiffimis
777 1697 966 1760 poss'unt.
998 1699 1100 1744 Hoc
1121 1715 1282 1762 nempe
1306 1700 1360 1745 ab
1377 1700 1560 1749 homine

275 1771 488 1834 exigitur,
507 1783 556 1817 ut
575 1769 710 1833 profit
731 1769 1009 1828 hominibus,
1029 1770 1059 1815 si
1079 1768 1173 1815 fieri
1201 1770 1367 1833 potest,
1387 1772 1557 1826 multis;

274 1843 306 1888 fi
326 1844 488 1898 minus,
516 1843 691 1905 paucis;
714 1842 742 1888 fi
766 1843 911 1890 minus
925 1878 937 1899 ‚
955 1844 1247 1906 proximi53'fi
1268 1845 1412 1892 minus
1430 1881 1443 1904 ,
1468 1845 1558 1892 sibi.

274 1916 388 1960 Nam
424 1931 526 1961 cum
555 1914 596 1960 se
627 1915 776 1960 utilem
810 1915 962 1962 ceteris
991 1915 1150 1971 efficit,
1196 1933 1433 1963 commune
1471 1919 1560 1982 agit

274 1988 515 2051 negotium.
546 1988 796 2047 Quomodo
822 1987 900 2051 qui
935 1988 977 2034 se
1010 1989 1274 2037 deteriorem
1303 1989 1436 2049 facit,
1468 2008 1558 2039 non

275 2058 354 2104 fibi
389 2060 699 2106 tautummodo
737 2072 869 2105 nocet
890 2095 903 2118 ‚
950 2060 1024 2107 sed
1059 2060 1188 2108 etiam
1223 2061 1430 2108 omnibus
1465 2063 1560 2122 eis,

273 2132 431 2194 quibus
465 2132 621 2178 melior
652 2132 788 2179 faftus
817 2133 1018 2195 prodesse
1048 2134 1284 2197 potuiffet:
1318 2134 1375 2181 sic
1399 2134 1429 2180 fi
1461 2137 1559 2200 quis

272 2205 384 2272 bene
415 2206 468 2251 de
507 2205 548 2252 se
579 2219 773 2253 meretur
792 2242 806 2264 ‚
838 2206 925 2254 hoc
951 2206 1048 2270 ipso
1082 2207 1175 2254 aliis
1203 2207 1407 2270 prodest,
1433 2209 1558 2272 quod

271 2275 356 2322 illis
388 2273 668 2337 profuturum
700 2290 835 2339 parat.

335 2348 511 2394 XXXl.
544 2350 665 2395 Duas
694 2349 960 2411 respublicas
992 2350 1143 2397 animo
1173 2351 1550 2414 complefiiamur,

269 2419 446 2466 alteram
477 2439 677 2485 magnam
695 2457 709 2478 ,
733 2438 778 2469 et
809 2441 915 2470 vere
950 2424 1197 2486 publicam,
1230 2441 1316 2487 qua
1344 2424 1403 2469 dii
1428 2437 1557 2487 atque

268 2493 468 2542 homines
491 2497 788 2546 continentur.
821 2497 867 2544 in
895 2515 980 2562 qua
1012 2515 1104 2546 non
1125 2501 1178 2546 ad
1200 2500 1317 2548 hunc
1344 2499 1554 2563 angulum
