1742 2967
273 203 336 246 42
408 188 455 233 L.
483 186 625 232 ANN.
655 187 776 233 SEN.
809 184 893 234 DE
923 152 1269 233 CLEMENTIA
1297 190 1345 236 L.
1372 189 1424 236 11.

272 293 527 338 clementiae
551 308 684 354 opera
712 291 822 338 sunt.
849 291 1095 340 Clementia
1119 294 1303 341 liberum
1322 291 1548 339 arbitrium

274 365 434 411 habet:
461 381 547 409 non
576 364 654 409 sub
681 363 897 422 formula,
924 363 993 412 sed
1023 383 1074 412 ex
1105 383 1248 430 aequo
1267 379 1310 414 et
1335 368 1458 411 bono
1479 365 1549 410 iu·

273 438 402 483 dicat.
432 451 473 482 et
494 438 719 486 absolvere
742 439 799 484 illi
817 439 936 494 licet,
955 451 998 485 et
1023 442 1170 503 quanti
1193 442 1307 498 vult,
1324 453 1472 487 taxare
1492 439 1549 486 li-

273 522 377 556 tem.
419 512 538 556 Nihil
566 529 618 557 ex
644 512 708 558 his
738 511 862 568 facit,
890 526 1094 576 tanquam
1120 513 1233 560 iusto
1260 514 1401 559 minus
1426 511 1548 558 fece-

273 583 353 635 rit,
381 582 452 628 scd
471 595 674 645 tanquam
699 584 743 629 id
774 586 895 647 quod
923 586 1175 643 constituit,
1197 586 1467 657 iustissimum
1489 584 1553 630 fit.

274 657 503 717 Ignoscere
530 675 673 703 aurem
704 658 764 704 est
785 695 799 717 ,
828 677 939 722 quac
972 660 1135 709 iudica<
1166 662 1383 716 punienda
1406 692 1420 715 ‚
1459 674 1552 705 non

275 729 443 790 punire.
465 732 630 789 Venia,
650 733 818 779 debitae
839 750 1007 795 poenae
1031 735 1221 780 remiffio
1243 734 1304 781 est
1326 752 1337 780 τ
1360 733 1552 780 clemen-

276 803 336 847 tia
358 804 444 850 hoc
465 804 652 865 primum
676 806 879 868 praestat,
894 821 942 853 ut
963 824 1074 871 quos
1095 809 1297 864 dimittit,
1315 807 1421 853 nihil
1438 804 1553 851 aliud

275 874 376 921 il‘os
397 878 486 937 pati
508 877 698 923 debuisse
717 881 984 941 pronuntiet.
1017 880 1192 926 Plenior
1211 879 1272 928 est
1292 895 1399 942 ergo
1419 893 1551 942 quam

277 950 432 1005 venia,
461 965 504 996 et
536 951 774 998 honestior.
812 955 883 1000 De
915 954 1055 999 verbo
1085 955 1165 1013 (ut
1195 970 1291 999 mea
1333 952 1418 999 fert
1450 949 1554 1012 opi-

277 1021 390 1080 nio)
417 1023 714 1068 controversia
743 1023 832 1079 est3
865 1025 918 1070 de
945 1041 992 1070 re
1023 1025 1201 1088 quidem
1233 1023 1454 1071 convenit.
1478 1023 1554 1068 Sa-

278 1092 401 1152 piens
425 1095 554 1140 multa
585 1097 802 1153 remittet,
829 1096 992 1142 multos
1023 1112 1175 1157 parum
1206 1095 1319 1152 sani,
1341 1094 1414 1141 sed
1438 1093 1557 1140 sana-

279 1164 377 1211 bilis
401 1166 586 1228 ingenii,
615 1168 816 1214 servabit.
862 1168 1087 1231 Agricolas
1110 1168 1255 1214 bonos
1287 1165 1525 1212 imitabitur
1542 1199 1556 1221 ‚

279 1237 356 1297 qui
383 1255 475 1284 non
503 1253 667 1286 tantum
694 1243 829 1287 restas
855 1258 1151 1303 procerasque
1177 1241 1354 1286 arbores
1377 1238 1555 1286 colunt:

280 1311 352 1355 sed
374 1311 454 1358 illis
469 1330 648 1377 quoque
661 1351 673 1371 ‚
688 1333 792 1378 quas
812 1316 953 1380 aliqua
972 1315 1234 1378 depravavit
1253 1313 1560 1372 causa‚admi-

281 1383 425 1430 nicula
459 1387 614 1448 quibus
641 1401 875 1451 regantur,
910 1389 1142 1452 applicant.
1172 1389 1291 1436 Alias
1323 1388 1558 1435 circumci-

284 1458 415 1515 dunt,
435 1476 488 1505 ne
509 1461 815 1520 proceritatem
843 1462 948 1508 rami
975 1474 1174 1524 premant
1193 1480 1204 1508 ε
1223 1462 1450 1524 quasdam,
1484 1460 1555 1505 in-

284 1526 431 1575 firmas
480 1531 594 1576 vitio
630 1531 717 1578 loci
746 1569 760 1589 ,
794 1534 991 1579 nutriunt
1020 1551 1030 1580 ε
1083 1533 1342 1597 quibusdam
1367 1571 1376 1583 ,
1423 1531 1562 1578 aliena

285 1602 441 1648 umbra
477 1604 774 1654 laborantibus
799 1640 812 1663 ‚
846 1608 1018 1654 coelum
1056 1608 1266 1669 aperiunt.
1308 1607 1558 1654 Secundum

288 1677 396 1721 haec
421 1677 588 1725 videbit
608 1681 825 1742 perfectus
849 1681 1040 1744 sapiens,
1068 1683 1190 1743 quod
1221 1684 1441 1746 ingenium
1473 1698 1560 1745 qua

289 1751 460 1797 ratione
486 1754 758 1803 tractandum
784 1755 865 1815 fit,
891 1771 982 1820 quo
1005 1756 1145 1803 modo
1168 1756 1212 1804 in
1228 1759 1394 1807 reEtum
1423 1773 1561 1821 prava

291 1820 531 1873 flectantur.

740 1951 883 1995 Multa
919 1952 964 1995 de
985 1969 1076 1998 unt.
