1742 2967
394 141 494 216 m:
546 165 984 214 ssssNEi-“lclts
1035 167 1159 214 ΗΒ.
1210 170 1260 215 11.
1383 185 1475 234 ¹57

181 277 335 326 eadere
356 292 448 321 non
467 274 528 320 est
545 274 723 320 dubium
741 308 755 330 ‚
773 284 845 318 aut
865 272 1079 320 mittentis
1098 273 1234 331 vitio,
1258 287 1330 321 aut
1347 277 1469 323 acci-

182 349 357 414 pientiS.
382 349 514 394 Tunc
542 346 715 393 cursum
737 346 859 391 suum
889 343 1032 390 servat
1047 380 1060 403 ‚
1089 345 1164 391 ubi
1186 346 1298 391 inter
1319 363 1473 396 manus

181 419 410 482 utriusque
425 454 438 476 ‚
460 429 559 479 apte
580 419 632 463 ab
659 434 849 479 utroque
871 428 913 462 et
929 416 1078 463 iaetata
1097 431 1141 464 et
1163 432 1344 481 excepta
1365 437 1471 469 ver..

183 491 310 538 satur.
333 488 498 537 neceffe
517 488 578 535 est
601 507 746 536 autem
766 489 884 535 lusor
904 488 1046 535 bonus
1060 525 1074 546 ‚
1095 488 1217 536 aliter
1235 490 1351 537 illam
1374 493 1472 539 col-

182 561 318 608 lusori
341 561 478 622 longo
494 595 507 617 ‚
526 561 647 606 aliter
670 561 794 607 brevi
814 559 971 607 mittat.
1000 561 1162 608 Eadem
1183 558 1385 610 beneficii
1402 582 1474 611 ra-

183 635 248 681 tio
279 634 352 681 est.
382 633 459 678 nisi
488 633 662 695 utrique
687 631 927 694 personae,
952 633 1090 680 dantis
1120 649 1162 681 et
1189 636 1474 697 accipientis,

184 720 359 770 aptatur
380 723 390 752 :
413 722 495 752 nec
520 706 575 751 ab
594 705 683 750 hoc
703 704 841 758 exibit
855 740 869 761 ,
895 721 976 751 nec
996 706 1048 750 ad
1068 706 1187 752 illum
1209 709 1440 769 perveniet
1459 746 1475 766 ‚

184 793 233 826 ut
261 780 402 825 debet.
429 778 473 824 Si
501 794 602 824 cum
632 776 873 823 exercitato
901 791 946 823 et
977 777 1114 824 desto
1139 780 1364 841 negotium
1382 782 1473 842 est,

185 855 391 901 audacius
420 852 554 915 pilam
591 851 826 898 mittemus.
859 863 1086 914 utcunque
1117 852 1235 898 enim
1271 860 1474 914 venerit,

186 943 340 973 manus
356 926 472 971 illam
493 925 694 987 expedita
722 937 764 971 et
784 923 905 987 agilis
929 925 1205 987 repercutiet.
1224 925 1266 972 §i
1288 941 1387 973 cum
1415 927 1475 975 ti-

186 1017 299 1047 rone
329 1013 371 1046 et
391 999 602 1045 indoeko:
627 1013 718 1043 non
745 1008 833 1043 tam
863 997 1029 1061 rigide,
1061 1014 1141 1044 nec
1170 1013 1258 1044 tam
1276 1001 1476 1058 excusse,

187 1074 260 1121 sed
294 1072 559 1135 languidius,
586 1083 629 1116 et
655 1070 699 1116 in
727 1069 861 1132 ipsam
883 1070 975 1116 eius
1003 1070 1237 1133 dirigentes
1268 1090 1443 1120 manum
1464 1112 1479 1132 ,

188 1146 360 1193 remisse
394 1159 689 1191 occurremus.
716 1144 837 1189 Idem
867 1142 1121 1190 faciendum
1146 1145 1206 1190 est
1237 1146 1282 1191 in
1309 1147 1476 1195 benefi-

188 1221 278 1268 ciis.
300 1218 531 1280 Quosdam
556 1218 819 1279 doceamus,
844 1231 888 1264 et
912 1217 1008 1264 satis
1028 1217 1300 1278 iudicemus,
1331 1221 1361 1267 fi
1391 1239 1476 1269 co-

189 1305 372 1346 nantur,
392 1290 420 1336 si
442 1291 603 1336 audent
618 1325 630 1342 .,
649 1290 680 1335 fi
707 1291 882 1337 volunt.
899 1289 1096 1337 Facimus
1114 1305 1257 1338 autem
1277 1293 1478 1355 plerum-

189 1380 276 1428 que
296 1364 490 1428 ingratos
507 1398 520 1420 ,
547 1375 590 1409 et
617 1377 663 1409 ut
692 1363 795 1419 sint,
825 1361 1053 1410 favemus:
1087 1378 1293 1427 tanquam
1326 1367 1383 1414 ira
1403 1370 1480 1416 de-
1513 1361 1516 1365 ’

189 1454 310 1484 mum
341 1452 496 1499 magna
527 1435 607 1481 fint
633 1433 848 1482 beneficia
873 1435 1046 1492 nostra,
1076 1435 1106 1481 fi
1134 1438 1269 1499 gratia
1295 1439 1379 1487 illis
1407 1459 1481 1488 re-

189 1509 293 1556 ferri
328 1526 422 1556 non
451 1508 624 1571 potuit:
657 1521 704 1554 ut
732 1508 931 1572 malignis
962 1509 1178 1557 lusoribus
1204 1514 1480 1575 propositum

190 1582 253 1630 est
268 1617 281 1637 ‚
303 1582 563 1651 coiltxsorem
584 1581 837 1638 traducere,
869 1598 968 1626 cum
989 1582 1154 1628 damno
1172 1582 1330 1631 scilicet
1350 1586 1482 1648 ipsius

191 1654 332 1710 lusus,
349 1652 424 1715 qui
444 1669 534 1699 non
556 1652 721 1715 potest,
737 1652 814 1698 nisi
833 1652 1122 1709 consentitur,
1142 1656 1330 1703 extendi.
1350 1660 1479 1706 Multi

191 1728 288 1775 sunt
319 1740 406 1774 tam
447 1743 609 1788 pravae
639 1739 816 1773 naturae
835 1762 848 1784 ‚
880 1739 928 1773 ut
961 1727 1113 1774 malint
1151 1731 1334 1791 perdere
1365 1751 1482 1796 quae

192 1801 496 1865 praestiterunt
510 1836 523 1858 ,
552 1818 685 1864 quam
707 1800 852 1847 videri
873 1801 1085 1864 recepisse
1100 1838 1113 1860 ‚
1147 1802 1316 1865 superbi
1336 1819 1379 1852 et
1396 1808 1481 1853 im-

193 1888 436 1936 putatores.
464 1874 647 1933 Quanto
675 1871 856 1926 meiius,
887 1888 1143 1935 quantoque
1175 1873 1408 1922 humanius
1435 1877 1483 1923 id

195 1963 321 2009 agere
336 1981 349 2002 ‚
375 1957 421 1992 ut
441 1944 503 1991 illi
521 1961 700 2008 quoque
721 1956 862 2006 partes
880 1944 975 1990 suae
994 1944 1216 2001 consten13
1235 1960 1277 1993 et
1301 1947 1450 1996 favere
1468 1984 1484 2008 ,

196 2032 244 2066 ut
263 2018 397 2082 gratia
416 2018 492 2065 fibi
519 2018 672 2066 referri
694 2017 853 2081 poffit3
886 2017 1074 2081 benigne
1093 2019 1241 2065 omnia
1264 2020 1483 2083 interpre-

196 2092 305 2149 tari,
323 2092 480 2155 gratias
499 2104 720 2155 agentem,
742 2108 834 2138 non
852 2091 973 2137 aliter
992 2109 1123 2154 quam
1150 2093 1180 2139 fi
1201 2093 1357 2142 referat
1373 2111 1385 2148 ;
1404 2112 1484 2140 au-

197 2165 291 2210 dire
312 2163 552 2225 ‚praebere
573 2162 615 2210 se
641 2162 817 2225 facilem
832 2195 847 2216 ‚
876 2163 930 2208 ad
952 2163 1037 2210 hoc
1054 2200 1068 2221 ‚
1097 2176 1145 2211 ut
1161 2183 1291 2228 quem
1312 2166 1484 2230 obliga-

197 2236 281 2293 vit,
300 2235 431 2283 etiam
444 2235 616 2283 exsolvi
635 2234 772 2282 velit?
794 2234 909 2281 Male
922 2235 1073 2280 audire
1087 2236 1195 2283 solet
1216 2237 1483 2295 foenerator,

197 2310 229 2357 fi
250 2310 405 2357 acerbe
425 2308 584 2371 exigit:
605 2325 742 2371 aeque
767 2308 798 2354 fi
820 2308 865 2353 in
881 2307 1140 2370 recipiendo
1160 2311 1310 2358 tardus
1328 2329 1377 2358 ac
1397 2313 1485 2358 dis·-

197 2381 324 2429 ficilis
358 2398 505 2428 moras
538 2381 719 2444 quaerit.
763 2379 1026 2427 beneficium
1064 2394 1151 2426 tarn
1185 2383 1485 2445 recipiendum

199 2455 261 2503 est
279 2491 294 2516 ‚
317 2471 450 2521 quam
474 2469 566 2501 non
584 2452 864 2517 exigendum.
897 2453 1108 2517 Optimus
1130 2453 1201 2502 ille
1217 2491 1231 2515 ‚
1265 2457 1343 2521 qui
1361 2457 1483 2507 dedit
