1742 2967
283 195 342 240 30
463 231 467 236 ¹
537 181 582 224 L.
633 179 929 227 ANNAEI
978 184 1332 230 SENECAE

281 297 453 348 praeter
477 284 660 349 gloriam
692 285 872 335 sumere.
913 290 1014 336 Hoc
1046 290 1106 336 est
1132 290 1263 336 etiam
1290 308 1345 337 ex
1373 290 1555 338 viRoria

278 358 351 403 rua
380 357 674 420 triumphare,
708 358 965 423 testarique,
1003 361 1108 407 nihil
1140 363 1181 409 se
1215 364 1339 425 quod
1376 364 1556 427 dignum

278 428 383 475 effet
413 429 610 489 viciore,
641 431 757 494 apud
790 432 932 479 viEtos
966 434 1190 481 inveniffe.
1219 437 1334 481 Cum
1361 436 1531 482 civibus
1549 471 1561 491 ‚

281 513 325 549 et
348 502 534 566 ignotis,
560 516 692 566 atque
713 504 970 562 humilibus,
989 523 1043 553 eo
1063 509 1331 556 moderatius
1347 509 1560 572 agendum

283 574 345 622 est
359 609 372 631 ‚
394 592 484 639 quo
504 576 688 624 minoris
716 577 776 624 est
797 578 988 625 afflixisse
1006 596 1097 627 eos.
1119 580 1396 642 Quibusdam
1424 580 1561 627 liben-

283 659 349 694 ter
370 664 542 711 parcas:
558 664 580 693 a
601 649 860 710 quibusdam
880 663 921 698 te
943 651 1167 698 vindicare
1186 651 1396 699 fastidias:
1414 667 1456 699 et
1474 669 1564 698 non

283 721 415 780 aliter!
430 737 561 784 quam
590 721 644 767 ab
674 721 931 770 animalibus
957 725 1106 786 parvis
1133 738 1176 771 et
1198 725 1469 773 obterentem
1500 725 1566 770 in—

285 793 564 854 quinantibus
578 830 589 850 ‚
607 794 854 841 reducenda
873 812 1022 843 manus
1036 795 1109 842 est.
1145 809 1187 843 at
1203 796 1247 842 in
1261 796 1313 844 iis
1331 794 1467 861 quiin
1488 813 1566 842 ore

287 867 476 913 civitatis
518 867 675 914 servati
712 867 940 931 punitique
973 880 1128 927 erunt,
1175 869 1406 916 occasione
1438 880 1567 915 notae

287 938 541 985 clementiae
575 940 785 986 utendum
807 940 881 986 est.

353 1011 498 1057 XXII.
529 1012 816 1060 Transeamus
841 1014 895 1059 ad
919 1013 1076 1061 alienas
1096 1013 1272 1061 iniurias
1299 1032 1310 1061 z
1339 1014 1383 1060 in
1410 1012 1568 1077 quibus

289 1083 564 1131 vindicandis
596 1085 703 1133 haec
731 1087 812 1133 tria
843 1088 911 1132 lex
938 1087 1079 1133 secuta
1107 1086 1194 1144 est,
1224 1103 1334 1149 quae
1366 1085 1570 1147 Princeps

289 1173 472 1221 quoque
491 1158 609 1221 sequi
633 1159 761 1206 debet
780 1177 790 1205 :
813 1172 886 1206 aut
905 1173 952 1207 ut
976 1176 1075 1207 eum
1096 1177 1225 1224 quem
1256 1159 1402 1222 punit,
1424 1175 1572 1205 emen-

290 1231 361 1276 det
379 1248 391 1283 ;
412 1246 485 1276 aut
507 1244 554 1277 ut
574 1248 717 1294 poena
740 1232 833 1279 eius
859 1244 1029 1279 ceteros
1056 1234 1261 1280 meliores
1292 1232 1472 1288 reddat3
1499 1245 1572 1278 aut

290 1316 335 1348 ut
360 1302 533 1349 sublatis
556 1304 679 1350 malis
707 1303 947 1350 sec‘uriores
969 1303 1103 1351 ceteri
1132 1304 1298 1351 vivant.
1325 1303 1445 1366 Ipsos
1464 1302 1571 1349 faci-

290 1374 372 1420 lius
400 1375 650 1422 emendabis
680 1376 851 1423 minore
881 1393 1054 1438 poena:
1083 1377 1334 1439 diligentius
1360 1376 1478 1422 enim
1500 1374 1571 1421 vi-

291 1447 385 1502 vit,
411 1446 481 1493 cui
498 1447 660 1511 aliquid
682 1448 840 1511 integri
865 1448 1067 1512 superest.
1094 1450 1242 1495 Nemo
1263 1447 1457 1511 dignitati
1478 1464 1575 1509 per-

293 1520 408 1566 ditae
442 1521 594 1582 parcit.
624 1522 892 1583 impunitatis
922 1538 1057 1585 genus
1085 1521 1146 1568 est
1171 1521 1257 1568 iam
1295 1537 1384 1567 non
1416 1521 1574 1567 babere

292 1609 463 1655 poenae
491 1594 657 1640 locum.
692 1594 896 1640 Civitatis
923 1611 1065 1641 autem
1094 1611 1240 1641 mores
1269 1593 1403 1655 magis
1433 1592 1576 1639 corri-

293 1668 357 1729 git
385 1667 571 1729 parcitas
596 1667 1036 1715 animadversionum.
1068 1668 1169 1715 facit
1193 1669 1312 1714 enim
1339 1666 1576 1714 consuetu-

293 1741 443 1787 dinem
473 1741 692 1803 peccandi
736 1741 971 1788 multitudo
1007 1741 1284 1804 peccantium
1319 1759 1329 1786 :
1360 1752 1402 1786 et
1438 1739 1579 1784 minus

300 1813 444 1877 gravis
476 1827 578 1859 nota
596 1813 683 1869 cst,
705 1831 835 1876 quam
869 1814 998 1861 turba
1028 1815 1337 1862 damnatorum
1367 1814 1482 1860 levat
1506 1825 1579 1858 :et

295 1887 497 1935 severitas
514 1923 527 1944 ,
546 1889 668 1951 quod
689 1888 927 1933 maximum
961 1888 1203 1934 remedium
1226 1887 1355 1933 habet
1369 1921 1382 1941 ,
1411 1884 1580 1930 affidui-

300 1973 385 2008 tate
402 1960 560 2006 amittit
582 1961 894 2007 aufioritatem.
914 1960 1155 2008 Constituit
1182 1961 1326 2007 bonos
1347 1975 1492 2005 mores
1520 1958 1580 2006 ci—

301 2034 426 2082 vitati
462 2035 695 2097 Princeps,
734 2048 775 2081 et
806 2035 911 2082 viria
953 2038 1044 2083 eius
1080 2036 1223 2083 facilia
1250 2034 1519 2095 compescit,
1550 2032 1581 2078 si

299 2107 464 2169 patiens
484 2123 639 2153 eorum
659 2106 744 2163 est,
764 2124 854 2153 non
871 2119 1073 2170 tanquam
1092 2109 1273 2171 probet,
1294 2108 1363 2153 sed
1377 2118 1581 2168 tanquam

300 2180 466 2227 invitus
490 2215 504 2235 ,
539 2191 582 2225 et
613 2196 714 2227 cum
744 2197 906 2243 magno
940 2193 1165 2226 tormento
1199 2181 1252 2226 ad
1284 2177 1582 2241 castigandum

303 2253 464 2299 veniat.
485 2253 804 2299 Verecundiam
822 2254 1030 2314 peccandi
1045 2253 1147 2300 facit
1164 2253 1251 2315 ipsa
1269 2251 1496 2299 clementia
1512 2267 1585 2296 re-

303 2329 454 2390 gentis.
487 2328 678 2375 Gravior
707 2329 849 2378 multo
882 2345 1029 2392 poena
1058 2329 1264 2386 videtur,
1292 2341 1404 2390 quae
1432 2342 1456 2370 a
1489 2323 1585 2370 miti

306 2401 408 2450 viro
444 2401 732 2447 constituitur.
1368 2459 1371 2461 -

372 2474 539 2521 XXiu.
558 2477 785 2524 Praeterea
802 2472 973 2522 videbis
994 2490 1045 2522 ea
1069 2474 1192 2537 saepe
1211 2470 1454 2528 committi,
1474 2486 1585 2533 quae
