1742 2967
313 185 404 232 106
571 186 618 232 L.
665 186 971 232 ANNAEI
1020 186 1373 234 SENECAE

310 292 370 339 lo.
398 294 565 338 Totum
594 294 796 339 fortunae
816 310 999 356 regnum
1023 293 1290 357 despiciam·
1324 296 1395 342 sed
1417 312 1471 342 ex
1490 294 1595 351 illo,

309 356 341 410 fi
360 365 533 412 dabitur
559 365 743 421 eleffio,
761 366 970 412 molliora
987 366 1164 413 sumam
1199 367 1430 429 Quidquid
1450 367 1503 413 ad
1525 384 1595 413 me

307 437 507 495 venerit,
529 439 698 485 bonum
720 437 824 494 fiet.
846 438 918 486 sed
936 440 1053 485 malo
1078 439 1275 487 faciliora
1293 457 1343 486 ac
1365 439 1595 485 iucundio-
1613 497 1617 504 ν

307 527 356 555 ra
386 511 590 570 veniant,
623 524 666 556 et
696 511 842 557 minus
867 527 1076 558 vexatura
1102 513 1371 559 tractantem.
1401 512 1506 558 Non
1534 510 1596 558 est

307 583 425 630 enim
447 584 567 647 quod
586 583 719 630 ullam
740 583 954 631 existimes
980 584 1064 630 effe
1091 584 1177 632 fine
1193 585 1342 632 labore
1360 585 1565 632 virtutem
1581 619 1595 643 ‚

309 657 385 705 sed
401 657 613 719 quaedam
633 656 820 705 virtutes
842 656 1038 716 stimulis,
1053 658 1266 721 quaedam
1285 658 1441 706 fraenis
1458 670 1599 722 egent.

308 730 702 789 Quemadmodum
722 747 882 793 corpus
898 730 943 776 in
964 732 1173 793 proclivo
1193 732 1370 779 retineri
1390 733 1535 789 debet,
1552 732 1597 778 in

268 862 271 867 ‚
307 802 441 848 ardua
464 801 631 865 impelli
649 820 660 850 ε
677 803 735 850 ita
754 805 970 867 quaedam
991 804 1173 852 virtutes
1197 805 1242 851 in
1264 805 1456 869 proclivi
1475 805 1596 858 sunt,

308 875 522 934 quaedam
543 876 708 924 clivum
730 876 924 923 subeunt.
946 878 1014 922 An
1032 875 1214 922 dubium
1234 875 1311 934 fit,
1330 876 1437 939 quin
1459 876 1599 923 escen-

306 947 381 991 dat
395 982 410 1003 ‚
424 946 608 1004 nitatur,
625 946 871 993 obluRetur
889 946 1095 1009 patientia
1110 982 1123 1003 ,
1138 945 1381 1005 fortitudo,
1402 947 1598 1010 perseve-

310 1018 471 1075 rantia,
485 1034 530 1064 et
549 1034 836 1081 quaecunque
850 1018 927 1064 alia
946 1018 1065 1064 duris
1082 1017 1283 1081 opposita
1299 1019 1437 1067 virtus'
1456 1019 1517 1066 est
1529 1032 1598 1077 ‚et

307 1088 534 1136 fortunam
555 1089 744 1152 subigit?
761 1089 886 1150 Quid
904 1106 1010 1152 ergo
1027 1089 1044 1136 ?
1060 1107 1151 1136 non
1170 1107 1306 1154 aeque
1322 1091 1597 1138 manifestum

312 1160 373 1207 est
406 1178 484 1224 per
519 1162 738 1209 devexum
777 1163 841 1209 ire
880 1162 1198 1218 liberalitatem,
1232 1165 1565 1227 temperantiam
1582 1200 1598 1223 ‚

310 1234 687 1282 mansuetudinem
705 1236 722 1282 ?
747 1239 793 1282 In
812 1236 879 1283 his
896 1236 1173 1285 continemus
1184 1238 1399 1293 animum,
1419 1255 1473 1284 ne
1493 1254 1599 1299 pro-

310 1307 502 1355 labatur:
524 1308 568 1354 in
588 1308 668 1355 illis
683 1310 980 1366 exhortamur,
997 1309 1331 1374 incitamusque.
1351 1310 1599 1357 Acerrimas

309 1399 419 1446 ergo
446 1383 687 1446 paupertati
712 1383 1014 1430 adhibebimus
1030 1418 1043 1440 ,
1078 1383 1168 1430 illas
1188 1400 1297 1446 quae
1316 1383 1599 1445 impugnatae

311 1454 425 1502 fiunt
453 1455 665 1503 fortiores
690 1474 702 1503 :
735 1457 902 1504 divitiis
928 1457 1020 1502 illas
1041 1456 1339 1520 diligentiores
1359 1492 1372 1514 ,
1397 1473 1505 1519 quae
1531 1455 1599 1502 su-

312 1526 510 1591 'spensum
531 1529 714 1590 gradum
745 1543 917 1590 ponunt
932 1564 945 1586 ‚
976 1540 1018 1575 et
1037 1529 1214 1592 pondus
1236 1527 1357 1574 suum
1385 1527 1602 1576 sustinent.

380 1601 552 1646 XXVI.
607 1602 724 1646 Cum
765 1601 853 1648 hoc
896 1603 956 1649 ita
992 1602 1180 1650 divisum
1225 1601 1275 1647 fit
1297 1637 1311 1659 ‚
1358 1601 1476 1648 malo
1526 1601 1600 1648 has

311 1671 360 1719 in
382 1671 462 1718 usu
490 1671 601 1718 mihi
625 1671 736 1727 effe,
763 1690 874 1735 quae
904 1674 1172 1722 exercendae
1196 1673 1471 1735 tranquillius
1493 1672 1598 1727 fint3

310 1761 446 1806 quam
464 1760 534 1791 eas
552 1761 736 1806 quarum
754 1745 1103 1807 experimentum
1124 1744 1292 1808 sanguis
1313 1757 1356 1790 et
1373 1744 1505 1791 sudor
1526 1742 1601 1791 est.

312 1819 435 1881 Ergo
456 1834 548 1863 non
567 1835 651 1880 ego
669 1850 682 1872 ‚
705 1818 849 1881 inquit
875 1819 1042 1882 sapiens
1058 1853 1071 1876 ‚
1101 1818 1223 1863 aliter
1245 1817 1357 1863 vivo
1378 1833 1507 1878 quam
1528 1816 1599 1861 lo-

312 1907 452 1953 quor,
475 1890 546 1936 sed
566 1907 648 1938 vos
669 1891 791 1936 aliter
815 1892 986 1937 auditis.
1009 1892 1151 1936 Sonus
1170 1889 1480 1935 tantummodo
1501 1905 1602 1934 ver-

310 1960 473 2008 borum
506 1961 560 2005 ad
592 1976 721 2006 aures
751 1960 912 2007 vestras
946 1978 1022 2039 per
1029 1960 1187 2007 venit:
1215 1959 1321 2022 quid
1358 1958 1600 2022 significet,

310 2049 404 2078 non
432 2032 651 2096 quaeritis.
682 2032 802 2096 Quid
825 2049 932 2096 ergo
954 2033 1065 2077 inter
1093 2048 1161 2077 me
1188 2031 1386 2088 stultum,
1412 2044 1453 2077 et
1475 2044 1515 2076 te
1536 2030 1600 2077 sa-

313 2107 506 2169 pientem
528 2096 728 2164 interest,
750 2107 779 2152 fi
802 2120 984 2170 uterque
1006 2107 1164 2152 habere
1187 2105 1432 2152 volumus?
1457 2095 1602 2151 Pluri-

314 2197 453 2227 mum.
487 2179 689 2226 Divitiae
717 2179 833 2224 enim
860 2179 975 2241 apud
996 2178 1232 2240 sapientem
1262 2178 1410 2225 virum
1438 2177 1484 2222 in
1515 2177 1602 2222 ser-

315 2255 459 2300 vitute
492 2253 587 2299 sunt
606 2272 616 2299 :
638 2254 753 2316 apud
782 2253 958 2298 stultum
984 2252 1029 2297 in
1063 2252 1265 2313 imperio.
1295 2251 1463 2314 sapiens
1489 2249 1602 2296 divi-

315 2326 387 2372 tiis
417 2325 525 2371 nihil
553 2326 799 2388 permittit:
821 2325 954 2372 vobis
980 2325 1161 2371 divitiae
1179 2325 1341 2371 omnia.
1363 2328 1482 2378 Vos,
1501 2337 1601 2370 tan-

316 2414 448 2460 quam
487 2399 643 2462 aliquis
675 2399 804 2445 vobis
846 2414 1065 2445 aeternam
1099 2398 1406 2461 poffeffionem
1449 2412 1598 2442 earum

314 2470 582 2534 promiserit,
603 2471 837 2523 affuescitis
855 2472 957 2534 illis,
970 2483 1012 2521 et
1030 2471 1295 2521 cohaeretis:
1312 2469 1476 2533 sapiens
1496 2480 1600 2518 tunc
