1742 2967
364 184 462 232 DE
514 184 974 232 CLEMENTIA
1027 186 1151 233 ΜΒ.
1197 187 1263 234 11.
1399 202 1459 251 37

175 307 347 339 manam
380 292 654 354 pervenisse,
685 293 965 356 celebresque
995 292 1130 356 vulgo
1160 292 1294 339 ferri:
1322 305 1370 340 ut
1399 294 1458 340 il-

171 363 287 420 lam,
328 365 547 423 Oderint,
579 366 683 411 dum
719 378 925 413 metuant.
964 366 1048 412 Cui
1081 367 1274 411 Graecus
1310 366 1461 413 versus

173 438 321 485 similis
339 438 426 495 est,
448 438 523 501 qui
542 438 582 484 se
603 453 784 484 mortuo
812 450 971 485 terram
998 439 1169 485 misceri
1198 437 1369 501 ignibus
1388 438 1458 483 iu-

174 512 279 566 bet,
311 524 354 557 et
385 512 465 557 alia
493 511 619 564 huius
645 522 789 557 notae.
834 514 898 558 Ac
927 511 1101 567 nescio,
1133 511 1364 574 quomodo
1389 510 1460 557 in-

175 586 301 649 genia
329 585 536 631 immania
555 597 597 631 et
615 584 752 632 invisa
768 621 780 643 ,
803 584 981 631 materia
1009 584 1258 632 secundiori
1284 584 1460 647 expres-

173 659 320 706 serunt
351 658 490 705 sensus
514 658 791 706 vehementes
813 670 855 704 et
883 658 1142 705 concitatos.
1169 657 1345 704 Nullam
1378 657 1460 702 ad-

176 729 263 778 huc
282 747 443 777 vocem
464 731 613 778 audivi
638 748 691 777 ex
711 731 833 777 bono
854 731 1029 795 lenique
1048 729 1303 778 animosam.
1333 729 1461 791 Quid

174 820 283 867 ergo
315 803 412 851 est?
441 817 486 851 ut
515 822 616 852 raro
634 842 647 863 ‚
680 805 845 851 invitus
863 841 873 861 ‚
901 817 944 851 et
978 821 1077 852 cum
1104 822 1255 867 magna
1286 806 1461 852 cuncta-

173 875 297 922 tione
314 913 328 933 ,
354 876 410 922 ita
437 877 672 941 aliquando
707 877 864 922 lcribas
897 876 1066 923 necesse
1091 876 1150 922 est
1170 876 1306 933 istud,
1337 875 1460 939 quod

174 949 253 995 tibi
280 950 323 995 in
352 951 505 996 odium
531 952 672 997 literas
702 950 882 997 adduxit
907 968 917 997 τ
941 951 1033 1006 sed,
1066 940 1172 997 sicut
1199 950 1331 1008 facis,
1357 965 1461 998 cum

174 1039 329 1085 magna
364 1024 676 1081 minitatione,
710 1040 809 1070 cum
842 1024 988 1071 multis
1017 1022 1315 1070 dilationibus.

241 1097 312 1140 III.
343 1097 397 1142 Et
426 1113 479 1142 ne
506 1096 623 1143 forte
660 1096 849 1158 decipiat
875 1112 958 1142 nos
991 1095 1236 1158 speciosum
1268 1095 1460 1143 clemen-

175 1166 261 1213 tiae
297 1185 459 1214 nomen
481 1204 493 1223 ‚
526 1169 764 1231 aliquando
796 1181 839 1214 et
867 1167 912 1214 in
943 1169 1213 1215 contrarium
1245 1167 1458 1217 abducat:

177 1242 406 1290 videamus
431 1244 540 1307 quid
570 1244 617 1289 sit
646 1244 902 1299 clementia;
932 1243 1157 1306 qualisque
1181 1243 1254 1302 sit,
1280 1256 1323 1291 et
1347 1260 1461 1308 quos

173 1314 283 1362 fines
317 1317 486 1364 habeat.
529 1318 776 1365 Clementia
813 1317 874 1365 est
902 1317 1188 1380 temperantia
1221 1319 1382 1375 animi,
1414 1319 1461 1365 in

172 1387 386 1448 potestate
417 1388 686 1436 ulciscendi:
716 1390 815 1448 vel,
845 1390 994 1436 lenitas
1027 1389 1269 1451 superioris
1294 1390 1456 1437 adver-

174 1458 242 1505 sus
272 1459 528 1508 inferiorem
549 1462 592 1508 in
614 1461 928 1509 constituendsss
953 1462 1122 1524 poenis.
1142 1461 1264 1507 Plura
1290 1478 1459 1524 propo-

170 1547 304 1589 nere,
330 1532 392 1579 est
414 1534 573 1589 tutius;
608 1552 662 1581 ne
690 1551 771 1581 una
803 1533 1003 1581 definitio
1030 1550 1181 1596 parum
1210 1551 1303 1580 rem
1330 1550 1460 1580 com-

173 1607 446 1667 prehendat,
475 1620 544 1665 et,
580 1621 626 1655 ut
657 1609 713 1654 ita
746 1607 914 1665 dicam,
949 1607 1138 1654 formula
1167 1606 1351 1653 excidat.
1377 1606 1473 1656 itam

178 1696 264 1742 que
295 1681 382 1727 dici
418 1681 558 1743 potest
582 1695 625 1728 et
652 1682 880 1728 inclinatio
909 1680 1044 1728 animi
1080 1681 1132 1725 ad
1161 1678 1381 1726 lenitatem
1415 1680 1460 1727 in

180 1770 324 1816 poena
339 1754 562 1818 exigenda.
587 1757 659 1801 Illa
679 1754 822 1801 finitio
843 1754 1214 1801 contradictiones
1238 1753 1463 1813 inveniet,

181 1828 386 1889 quamvis
421 1829 609 1874 maxime
633 1829 687 1874 acl
718 1845 872 1875 verum
904 1827 1106 1884 accedat,
1135 1826 1165 1871 si
1191 1826 1427 1874 dixerimus
1447 1863 1462 1886 ‚

182 1898 462 1947 clementiam
483 1902 568 1948 effe
596 1901 949 1950 moderationem
971 1898 1136 1961 aliquid
1163 1916 1219 1945 ex
1238 1899 1387 1945 merita
1412 1916 1462 1947 ac

181 1973 326 2020 debita
345 1992 486 2038 poena
508 1976 818 2023 remittentem.
837 1973 1166 2028 reclamabitur,
1187 1972 1348 2018 nullam
1372 1973 1464 2019 vir·

183 2059 319 2095 tutem
360 2050 601 2114 quidquam
640 2050 782 2097 minus
818 2050 970 2097 debito
1007 2048 1166 2096 facere.
1212 2048 1348 2111 Atqui
1377 2048 1464 2096 hoc

183 2136 341 2170 omnes
369 2123 638 2186 intelligunt,
678 2123 954 2170 clementiam
983 2121 1096 2178 effe,
1122 2138 1234 2185 quae
1266 2121 1306 2168 se
1334 2119 1466 2168 fleffit

182 2194 290 2241 citra
317 2195 361 2241 id
386 2197 510 2258 quod
534 2197 694 2242 merito
722 2193 925 2241 constitui
956 2190 1109 2254 postet.
1145 2191 1261 2238 Huic
1289 2204 1466 2238 contra-

183 2266 292 2320 riam
329 2267 520 2329 imperiti
553 2279 705 2329 putant
736 2265 1040 2321 severitatem;
1074 2264 1148 2312 sed
1177 2263 1291 2310 nulla
1328 2263 1468 2313 virtus

183 2340 338 2388 virtuti
368 2342 585 2388 contraria
613 2339 686 2387 est.

252 2418 330 2462 lV.
375 2414 500 2474 Quid
530 2430 635 2478 ergo
667 2411 912 2476 opponitur
942 2410 1227 2459 clementiae?
1262 2410 1471 2459 Crudeli-

177 2501 263 2547 tas„
296 2504 406 2554 quae
425 2488 536 2535 nihil
560 2488 674 2535 aliud
696 2486 775 2548 est,
793 2496 926 2551 quam
943 2486 1148 2535 atrocitas
1173 2485 1306 2534 animi
1323 2485 1369 2533 in
1387 2485 1473 2534 exi·

1115 2550 1214 2613 C}
