1742 2967
360 216 456 264 DE
505 215 948 265 BENEFlclts
999 219 1128 269 Lrss.
1179 226 1235 271 v.
1349 241 1440 290 259

168 321 251 367 lam
287 321 494 368 cohortes
513 321 766 381 immiserit,
792 334 836 369 et
869 334 985 370 trans
1015 325 1142 387 Alpes
1172 327 1332 373 accitus
1357 329 1441 374 ho-

167 394 239 441 stis
264 408 412 441 vetera
445 406 488 441 et
521 395 708 458 ingenita
737 396 840 442 odia
865 397 1105 456 satiaverit,
1141 415 1191 447 ac
1218 401 1292 445 diu
1319 402 1442 447 debi-

167 482 231 514 tas
258 467 431 514 inferias
460 469 639 515 Gallicis
671 469 801 515 bustis
831 470 961 516 duces
996 472 1185 518 Romani
1215 473 1442 535 persolve-

165 540 268 588 rint.
290 544 482 604 Ingratus
508 542 559 587 C.
581 541 743 588 Marius
758 578 770 598 ‚
788 541 842 587 ad
861 543 1128 589 consulatum
1147 558 1170 590 a
1190 540 1323 609 caliga
1344 564 1443 609 per·-

166 614 315 660 duftus
337 632 347 659 :
370 613 446 677 qui
479 614 555 659 nisi
590 614 824 660 Cimbricis
853 615 1055 661 caedibus
1085 618 1282 664 Romana
1311 618 1443 666 fune-

162 701 213 732 ra
231 686 485 749 aequaverit
502 718 516 740 ‚
552 686 629 731 nisi
655 685 794 732 civilis
812 685 930 732 exitii
958 698 1002 732 et
1023 689 1326 737 trucidationis
1347 708 1438 738 non

162 769 330 805 tantum
361 758 528 805 dederit
553 758 744 822 lignum,
764 758 835 804 sed
863 757 953 819 ipse
979 758 1145 821 {ignum
1180 759 1338 819 fuerit,
1365 779 1441 825 pa-

163 849 260 878 rum
285 845 493 879 mutatam
523 849 572 878 ac
599 831 829 894 repositam
864 832 907 877 in
937 831 1130 893 priorem
1162 834 1311 880 locum
1342 835 1439 882 for-

158 920 308 953 tunam
337 907 452 953 suam
486 906 648 967 sentiet.
683 909 876 970 Ingratus
909 907 957 950 L.
977 905 1124 951 Sulla:
1148 907 1222 969 qui
1252 909 1435 970 patriam

157 977 408 1026 durioribus
435 978 637 1025 remediis
663 994 790 1040 quam
827 976 1016 1039 pericula
1047 992 1168 1024 erant
1186 1014 1198 1036 ,
1236 982 1434 1028 sanavit:

157 1053 235 1116 qui
256 1070 358 1099 cum
378 1070 401 1098 a
419 1053 688 1100 Praenestina
714 1068 812 1098 arce
830 1084 845 1107 ‚
871 1067 1006 1116 usque
1027 1054 1077 1098 ad
1098 1054 1312 1101 Collinam
1335 1074 1437 1118 por-

156 1138 268 1183 tam,
295 1143 373 1188 per
401 1125 650 1189 sanguinem
678 1125 918 1171 humanum
947 1125 1197 1183 inceffiffet‚
1228 1129 1307 1176 alia
1336 1130 1436 1174 edis<

154 1199 219 1246 dit
236 1199 281 1244 in
298 1199 404 1245 urbe
423 1199 613 1262 proelia,
631 1198 731 1244 alias
751 1198 901 1244 caedes
922 1215 933 1244 :
954 1197 1148 1261 legiones
1165 1196 1284 1255 duas,
1307 1202 1431 1263 quod

155 1273 329 1319 crudele
349 1272 410 1319 est
423 1304 437 1328 ‚
466 1272 564 1335 post
588 1272 842 1326 vi&oriam;
864 1271 985 1334 quod
1004 1272 1144 1328 nefas,
1163 1272 1260 1334 post
1277 1273 1431 1332 fidem,

153 1345 200 1392 in
231 1345 395 1408 angulo
427 1345 651 1409 congestas
691 1344 1038 1399 contrucidavit,
1068 1357 1112 1392 et
1139 1346 1429 1409 proscriptioa

153 1434 254 1464 nem
281 1432 561 1466 commentus
587 1418 674 1465 est:
704 1417 763 1464 dii
791 1416 970 1480 magni?
993 1429 1041 1463 ut
1065 1417 1139 1480 qui
1169 1418 1309 1466 civem
1334 1421 1429 1466 Ro-

150 1507 331 1537 manum
359 1490 613 1549 occidisset,
641 1489 942 1553 impunitatem
958 1523 971 1548 ,
991 1501 1034 1536 et
1053 1492 1281 1552 pecuniam
1295 1526 1308 1546 ,
1331 1504 1428 1539 tan-²

150 1577 246 1612 tum
280 1581 371 1609 non
408 1563 594 1610 civicam
631 1562 863 1625 acciperet.
896 1565 1087 1624 Ingratus
1117 1562 1200 1609 Cn.
1233 1564 1427 1626 Pompe-

150 1636 218 1683 ius
240 1654 249 1682 :
270 1636 346 1700 qui
372 1651 456 1699 pro
479 1636 614 1682 tribus
640 1634 958 1692 consulatibus,
979 1650 1062 1696 pro
1091 1635 1318 1698 triumphis
1345 1637 1425 1684 tri-

150 1711 257 1768 bus,
287 1727 371 1774 pro
399 1722 466 1757 tot
493 1710 765 1764 honoribus,
784 1725 896 1773 quos
914 1725 967 1754 ex
991 1709 1178 1754 maxima
1204 1723 1324 1771 parte
1340 1711 1425 1757 im·-

152 1800 345 1833 maturus
372 1784 611 1842 invaserat,
641 1784 752 1832 hanc
781 1783 962 1847 gratiam
990 1783 1253 1844 reipublicae
1281 1785 1424 1831 reddi-

150 1858 244 1916 dit,
261 1871 310 1905 ut
334 1857 379 1903 in
401 1853 706 1920 poffeffionem
733 1857 824 1904 eius
848 1856 955 1903 alios
971 1871 1149 1920 quoque
1177 1856 1423 1917 induceret,

149 1933 266 1998 quali
298 1933 519 1996 potentiae
551 1933 647 1980 suae
680 1933 943 1980 detracturus
973 1931 1213 1989 invidiam,
1240 1931 1270 1976 fi
1301 1934 1424 1995 quod

149 2005 256 2052 nulli
280 2006 409 2054 licere
434 2006 645 2062 debebat,
669 2005 865 2068 pluribus
895 2002 1077 2050 licuisset
1103 2020 1113 2049 ε
1143 2004 1247 2050 dum
1278 2016 1426 2052 extra-

149 2079 373 2126 ordinaria
404 2079 677 2142 concupiscit
710 2079 917 2142 imperia,
942 2079 1046 2124 dum
1077 2077 1345 2140 provincias,
1377 2089 1425 2124 ut

149 2151 307 2215 eligat,
339 2151 581 2206 distribuit3
614 2152 719 2198 dum
746 2153 803 2199 ita
835 2150 1073 2197 triumviris
1108 2150 1423 2213 rempublicam

149 2225 332 2283 dividit,
355 2236 404 2271 ut
428 2237 573 2273 tamen
599 2224 643 2270 in
675 2224 747 2270 sua
782 2224 923 2271 domo
953 2224 1063 2270 duae
1094 2236 1235 2284 partes
1258 2224 1391 2271 essent
1407 2260 1425 2283 ‚

150 2309 207 2344 eo
226 2296 391 2359 redegit
421 2295 632 2358 populum
662 2296 913 2341 Romanum
931 2331 945 2354 ‚
974 2308 1022 2343 ut
1048 2294 1190 2340 salvus
1224 2294 1309 2341 effe
1334 2310 1426 2341 non

148 2368 317 2433 pollet,
343 2368 419 2415 nisi
445 2366 664 2414 beneficio
688 2366 920 2414 servitutis.
952 2369 1148 2428 Ingratus
1174 2365 1262 2428 ipse
1294 2367 1427 2414 Pom⁶³

148 2441 238 2504 peii
268 2440 401 2488 hostis
425 2457 475 2488 ac
495 2440 661 2493 vietor,
681 2440 757 2502 qui
777 2457 800 2486 a
821 2440 960 2486 Gallia
983 2438 1305 2502 Germaniaque
1330 2439 1428 2487 bel-a

145 2514 240 2563 lum
262 2514 308 2562 in
329 2513 485 2562 urbem
513 2513 803 2578 circumegit,
822 2525 865 2560 et
892 2513 966 2560 ille
987 2511 1223 2622 plebicola,
1244 2512 1313 2559 ille
1337 2530 1428 2576 po·-

1143 2593 1169 2622 2
