1742 2967
364 147 465 230 Da
511 183 935 229 americus
989 186 1120 230 ΗΒ.
1174 187 1244 233 vx.
1360 188 1442 251 285

171 281 410 336 commune
445 288 686 347 dicuntur,
723 290 863 353 aliqua
898 289 1118 337 instillavit
1154 307 1204 336 ac
1242 292 1448 348 tradidit,

172 361 393 408 hortando
421 359 582 406 bonam
614 360 808 406 indolem
831 361 995 418 erexit,
1027 374 1070 408 et
1088 363 1227 409 modo
1254 364 1452 425 laudibus

171 433 275 480 fecit
302 427 525 488 animum,
554 431 694 478 modo
723 432 1098 482 admonitionibus
1124 434 1312 482 discuflit
1340 438 1452 483 defi-

170 506 302 551 diam.
327 506 443 551 Tum
470 504 693 568 ingenium
720 504 854 551 latens
885 519 929 550 et
961 505 1157 567 pigrum,
1194 506 1346 554 iaie&
1366 507 1452 570 (ut

169 577 228 622 ita
256 573 431 639 dicam)
454 592 608 631 manu,
634 576 844 622 extraxit:
865 592 945 623 nec
966 592 1074 640 quae
1095 577 1277 635 sciebat,
1300 582 1450 644 malig-

169 666 224 696 ne
253 647 516 711 dispensavit
531 683 545 705 ‚
572 665 664 711 quo
685 647 849 694 diutius
868 648 970 696 esset
988 649 1269 708 necessarius,
1288 651 1358 697 sed
1376 669 1451 698 cu-

167 720 276 786 piit,
300 719 329 766 fi
347 719 511 783 posset,
533 720 733 767 universa
760 718 1076 768 transfundere.
1106 723 1303 783 Ingratus
1327 722 1419 770 sum
1436 759 1452 782 ,

169 794 248 841 nisi
268 793 390 840 illum
412 793 525 839 inter
547 792 800 856 gratissimas
822 792 1151 840 necessitudines
1178 793 1329 857 diligo.

235 866 382 912 XVII.
404 864 808 911 Sordidissimorum
831 880 1010 927 quoque
1027 862 1314 912 artificiorum
1334 865 1453 912 insti-

168 939 337 987 toribus
357 940 482 1002 supra
502 937 782 985 constitutum
805 935 968 1000 aliquid
990 938 1249 997 adiecimus,
1271 939 1301 985 fi
1322 941 1451 987 nobis

169 1028 304 1075 opera
338 1011 516 1058 illorum
545 1010 719 1058 enixior
743 1009 833 1057 visa
856 1009 918 1056 est
944 1026 955 1053 :
989 1021 1031 1056 et
1062 1011 1371 1072 gubernatori,
1406 1026 1451 1059 et

171 1084 324 1148 opifici
346 1084 571 1132 viliffimae
591 1083 775 1141 mercis,
801 1096 844 1130 et
864 1082 909 1129 in
929 1082 1042 1129 diem
1066 1083 1104 1128 se
1125 1083 1288 1130 locanti
1305 1086 1452 1131 corol-

165 1160 321 1206 larium
344 1158 611 1222 aspersimus.
645 1160 693 1204 In
715 1157 895 1220 optimis
918 1173 1028 1204 vero
1048 1158 1209 1204 artibus
1238 1176 1349 1222 quae
1380 1161 1450 1207 vi-

165 1249 255 1281 tam
281 1245 356 1280 aut
378 1234 666 1287 conservant,
696 1244 767 1278 aut
793 1233 1026 1286 excolunt,
1057 1233 1130 1295 qui
1162 1233 1269 1279 nihil
1296 1235 1335 1280 se
1357 1237 1451 1296 plus

167 1307 383 1355 existimat
413 1307 572 1354 debere
599 1322 729 1369 quam
751 1304 942 1369 pepigit,
967 1306 1160 1369 ingratus
1179 1307 1252 1354 est.
1271 1309 1451 1367 Adiice,

167 1382 291 1444 quod
315 1380 462 1426 talium
492 1378 734 1425 studiorum
768 1378 946 1424 traditio
979 1378 1127 1425 miscet
1157 1379 1335 1426 amicos.
1363 1381 1451 1428 hoe

167 1470 270 1505 cum
289 1451 447 1498 factum
468 1450 557 1506 est,
586 1465 673 1497 tam
695 1449 871 1496 medico
901 1466 1029 1512 quam
1053 1453 1329 1514 praeceptori
1348 1470 1451 1515 pre-

167 1524 278 1570 tium
308 1540 469 1587 operae
493 1524 705 1581 solvitur,
738 1523 871 1569 animi
900 1524 1092 1570 debetur.

235 1601 399 1648 Xvul.
430 1601 552 1648 Plato
571 1618 672 1648 cum
701 1601 864 1649 flumen
889 1618 1000 1650 nave
1030 1603 1267 1663 transisset,
1295 1622 1375 1653 nec
1394 1604 1450 1654 ab

170 1672 247 1718 illo
288 1673 530 1736 quidquam
569 1675 759 1736 portitor
791 1674 1026 1738 exegisset,
1053 1676 1216 1723 honori
1256 1678 1344 1725 hoc
1373 1679 1451 1726 suo

169 1744 316 1790 datum
350 1745 529 1791 credens
548 1781 561 1801 ‚
590 1745 699 1791 dixit
735 1745 922 1807 positum
957 1747 1017 1792 illi
1046 1747 1130 1793 effe
1155 1750 1270 1809 apud
1305 1752 1449 1798 Plato-

167 1835 269 1864 nem
298 1818 509 1865 officium.
535 1819 710 1864 Deinde
731 1820 863 1880 paulo
884 1820 1001 1882 post,
1031 1837 1131 1866 cum
1161 1822 1292 1869 alium
1321 1840 1452 1887 atque

167 1890 298 1936 alium
330 1891 457 1954 gratis
484 1891 634 1937 eadem
661 1893 956 1940 transveheret
991 1894 1245 1953 sedulitate,
1277 1898 1452 1960 negavit

168 1961 229 2007 illi
256 1962 341 2008 iam
374 1963 489 2025 apud
520 1963 747 2009 Platonem
782 1965 968 2025 positum
997 1965 1210 2014 officium.
1256 1970 1371 2015 Nam
1402 1983 1452 2017 ut

167 2037 248 2102 tibi
283 2038 465 2084 debeam
495 2037 688 2101 aliquid,
718 2055 800 2099 pro
837 2054 892 2084 eo
924 2039 1046 2100 quod
1078 2040 1288 2102 praestas,
1316 2043 1448 2090 debes

168 2124 259 2154 non
286 2121 452 2155 tantum
481 2109 586 2155 mihi
614 2110 853 2173 praestare,
882 2111 952 2157 sed
978 2124 1183 2176 tanquam
1217 2116 1338 2163 mihi.
1361 2133 1452 2163 non

170 2194 295 2242 potes
326 2183 386 2227 ob
414 2181 458 2227 id
485 2197 751 2244 quemquam
783 2183 1001 2244 appellare
1021 2219 1034 2240 ,
1066 2186 1188 2246 quod
1214 2186 1375 2250 spargis
1404 2185 1450 2232 in

170 2255 398 2323 populum.
427 2255 548 2314 Quid
567 2255 706 2318 ergo?
730 2254 833 2300 nihil
859 2255 940 2301 tibi
961 2254 1194 2304 debebitur
1223 2275 1307 2320 pro
1333 2258 1450 2306 hoc?

168 2341 375 2388 tanquam
396 2326 449 2372 ab
471 2341 564 2371 uno
581 2360 594 2381 ,
611 2325 732 2373 nihil.
763 2342 862 2372 cum
890 2325 1095 2374 omnibus
1117 2327 1308 2387 solvam,
1326 2323 1452 2392 'quod

169 2398 249 2446 tibi
282 2416 380 2445 cum
403 2398 609 2445 omnibus
637 2398 792 2445 debeo.

233 2470 360 2517 Xlx.
383 2471 526 2534 Negas
544 2501 558 2527 ,
577 2471 718 2534 inquit
730 2506 744 2530 7
763 2469 897 2517 ullum
920 2469 1021 2518 dare
1038 2469 1304 2519 beneficium
1321 2488 1421 2520 eum
1434 2508 1450 2533 ,
