1742 2967
340 130 431 176 218
597 130 647 175 L.
693 129 990 175 ANNAEI
1038 127 1390 176 SENECAE

335 235 501 282 minem
535 251 624 282 non
647 252 793 295 amare
818 234 1031 282 beneficia
1061 235 1133 281 sua
1151 271 1165 294 ‚
1195 237 1416 283 neminem
1438 253 1530 285 non
1553 237 1614 285 ita

336 309 631 371 compositum
670 309 849 366 anim0‚
893 322 940 356 ut
968 309 1171 356 libentius
1202 326 1302 356 eum
1349 309 1526 366 videat,
1552 312 1614 358 'in

336 399 467 445 quem
512 383 645 427 multa
680 382 890 445 congeffit
920 401 931 428 ε
978 382 1049 428 cui
1087 398 1179 428 non
1214 382 1337 428 eausa
1367 381 1418 428 fit
1453 383 1614 430 iterum

336 455 466 500 dandi
502 453 732 509 beneficii,
769 444 899 500 semel
937 454 1114 501 dedisse.
1158 455 1280 517 quod
1320 471 1410 500 non
1440 455 1614 501 accide-

336 540 432 584 ττῒ,
470 530 547 572 nin
578 544 658 574 nos
691 527 781 590 ipsa
812 527 1069 573 dele&arent
1095 525 1319 574 beneficia.
1346 528 1496 587 Quam
1524 525 1615 573 sae-

335 615 392 660 pe
421 600 638 646 dicentem
664 600 842 645 audssas:
883 601 988 645 Non
1015 598 1200 644 sustineo
1232 599 1353 644 illum
1385 598 1582 646 deserere
1601 635 1616 656 ‚

337 670 408 717 cui
440 671 542 718 dedi
567 672 705 719 vitam
722 707 736 730 ‚
762 688 894 734 quem
923 688 948 717 e
979 671 1175 732 periculo
1202 671 1356 733 eripui.
1374 672 1518 735 Rogat
1545 688 1616 718 me

338 754 387 788 ut
405 743 578 789 causam
597 744 715 790 suam
737 756 890 790 contra
906 743 1110 790 homines
1127 744 1339 806 gratiosos
1366 761 1505 808 agam.
1525 745 1618 791 No·
1653 750 1655 753 ’

336 814 416 860 lo:
443 814 515 860 sed
542 816 648 878 quid
673 815 866 862 faciam?
899 816 984 861 iam
1004 816 1067 861 'illi
1096 815 1250 871 semel,
1278 816 1526 879 iterumque
1549 815 1617 862 af·-

337 888 416 934 fui.
437 889 542 934 Non
559 889 682 936 vides
700 887 832 936 ineffe
852 887 920 934 isti
939 888 1003 934 rei
1021 888 1247 950 propriam
1267 889 1485 950 quandam
1504 888 1619 946 vim,

337 977 449 1023 quae
477 977 557 1007 nos
585 960 796 1007 beneficia
825 961 927 1007 dare
957 960 1109 1023 cogit?
1136 960 1326 1022 primum
1354 961 1458 1024 quia
1481 977 1618 1023 opot-

337 1044 427 1088 tet,
457 1032 614 1078 deinde
631 1032 733 1096 quia
759 1032 972 1080 dedimus,
1000 1033 1087 1078 Cui
1114 1031 1243 1079 initio
1269 1032 1383 1079 ratio
1405 1049 1498 1078 non
1514 1031 1617 1079 fuis-

337 1105 398 1150 set
430 1104 698 1165 praestandi,
730 1105 892 1167 aliquid
917 1105 957 1151 ei
986 1104 1248 1167 praestamus
1278 1105 1340 1151 ob
1370 1105 1481 1162 hoc,
1515 1104 1620 1167 quia

339 1177 647 1238 praestitimus.
672 1178 891 1239 Adeoque
922 1194 1004 1224 nos
1032 1178 1086 1223 ad
1102 1176 1314 1224 beneficia
1344 1194 1435 1223 non
1466 1176 1620 1238 impel-

337 1248 388 1293 lit
413 1249 597 1308 utilitas,
625 1263 671 1296 ut
699 1262 742 1295 et
772 1249 939 1295 inutilia
966 1251 1076 1296 tueri
1105 1267 1155 1297 ac
1183 1250 1339 1296 fovere
1367 1248 1619 1311 persevere-

337 1337 456 1379 mus,
481 1322 570 1368 sola
597 1321 799 1368 beneficii
827 1323 1031 1369 caritate:
1053 1322 1122 1370 cui
1145 1323 1275 1369 etiam
1299 1320 1528 1368 infeliciter
1541 1321 1618 1367 da-

337 1403 415 1449 to,
455 1394 712 1458 indulgere,
743 1407 828 1440 tam
861 1396 1081 1453 naturale,
1119 1411 1251 1457 quam
1284 1395 1432 1441 liberis
1460 1393 1620 1456 pravis.

406 1467 531 1512 XVI.
558 1469 694 1514 Iidem
725 1466 793 1513 isti
831 1468 1015 1530 gratiam
1050 1466 1215 1514 referre
1247 1467 1365 1528 ipsos
1400 1464 1618 1520 fatentur,

339 1555 430 1585 non
450 1540 549 1602 quia
574 1540 802 1587 honestum
820 1540 902 1597 est,
921 1539 992 1586 sed
1007 1539 1107 1602 quia
1127 1540 1229 1585 utile
1248 1556 1258 1584 :
1277 1538 1400 1601 quod
1419 1553 1512 1584 non
1532 1537 1618 1584 effe

337 1612 424 1670 ita,
451 1614 623 1660 minore
650 1630 786 1675 opera
815 1613 1092 1674 probandum
1110 1612 1184 1658 est.
1221 1611 1338 1672 Quia
1361 1610 1518 1675 quibus
1544 1627 1618 1657 ar·-

338 1687 557 1748 gumentis
589 1687 847 1749 collegimus
878 1685 1141 1732 beneficium
1178 1687 1310 1741 dare,
1342 1703 1420 1748 per
1451 1684 1493 1732 se
1522 1701 1618 1733 rem

338 1761 628 1820 expetendam
657 1761 764 1816 effe,
792 1761 946 1807 iisdem
975 1761 1107 1809 etiam
1135 1761 1223 1807 hoc
1250 1761 1517 1824 colligemus.
1546 1761 1620 1807 Fi-

337 1849 443 1877 xum
475 1833 535 1878 est
562 1834 693 1890 illud,
718 1851 742 1880 a
765 1851 855 1897 quo
886 1834 932 1880 in
958 1850 1103 1881 cetera
1133 1834 1416 1897 probationes
1446 1833 1617 1880 nostrae

338 1917 525 1963 exeunt,
552 1906 782 1952 honestum
815 1908 875 1953 ob
904 1908 1067 1954 nuliam
1100 1909 1226 1954 aliam
1259 1907 1456 1964 causam,
1484 1924 1616 1970 quam

338 1979 440 2042 quia
462 1979 692 2026 honestum
713 1981 785 2039 fit,
802 1981 902 2028 coli.
921 1980 1036 2041 Quis
1058 1998 1165 2043 ergo
1185 1981 1533 2028 controversiam
1554 1981 1618 2028 fa-

337 2067 436 2097 cere
462 2051 662 2107 audebit,
693 2069 747 2097 an
780 2069 954 2115 gratum
981 2053 1093 2108 effe,
1117 2051 1346 2099 honestum
1371 2052 1422 2099 fit
1449 2053 1467 2099 ἒ
1502 2052 1616 2113 Quis

338 2139 430 2168 non
461 2122 678 2186 ingratum
710 2118 941 2170 detestetur
977 2125 1202 2171 hominem
1221 2157 1235 2176 ‚
1270 2123 1345 2170 fibi
1371 2124 1448 2186 ipfi
1481 2123 1616 2170 inuti-

337 2195 457 2241 lem?
486 2197 610 2256 Quid
637 2209 780 2243 autem
812 2214 912 2244 cum
931 2197 1014 2244 tibi
1039 2209 1236 2244 narratur
1262 2199 1316 2245 de
1335 2215 1414 2256 eo,
1445 2197 1519 2261 qui
1539 2197 1614 2242 ad·-

338 2269 487 2316 versus
511 2270 676 2316 summa
704 2269 915 2318 beneficia
935 2271 1063 2318 amici
1086 2270 1150 2317 sui
1168 2271 1357 2333 ingratus
1380 2270 1440 2317 est
1457 2306 1468 2324 ,
1493 2285 1613 2332 quo-

337 2342 478 2386 modo
503 2342 547 2387 id
573 2342 690 2389 fers?
716 2354 862 2389 utrum
888 2356 1094 2406 tanquam
1117 2361 1206 2389 rem
1234 2356 1408 2404 turpem
1434 2342 1615 2395 fecerit,

337 2428 392 2458 an
412 2428 617 2479 tanquam
643 2417 790 2464 utilem
810 2433 904 2464 rem
922 2416 1000 2463 fibi
1018 2431 1060 2464 et
1086 2416 1361 2480 profuturam
1382 2413 1574 2462 omiserit
1596 2419 1611 2460 ?
