1742 2967
336 182 424 232 166
554 185 602 232 L.
650 185 954 233 ΑΝΝΑΕῙ
1005 188 1372 237 SENECAE

325 289 428 355 quia
444 307 534 338 non
551 292 664 339 unde
687 293 881 352 venerit,
898 294 1084 356 respicit,
1104 295 1175 342 sed
1196 313 1287 360 quo
1306 298 1464 346 tendat.
1492 302 1596 348 Om-

326 365 453 412 nibus
476 365 541 413 his
560 367 857 414 vehementius
883 380 924 414 et
951 368 1245 431 importunius
1265 374 1430 419 malurn
1453 373 1514 421 est
1530 374 1597 422 in-

328 439 446 490 vidia
460 475 474 496 ‚
495 456 604 502 quae
622 457 703 486 nos
722 440 959 502 inquietat,
981 442 1084 487 dum
1106 457 1344 507 comparat.

392 514 603 560 XXVIII.
650 514 751 560 Hoc
778 514 887 560 mihi
915 514 1120 576 praestitit
1144 534 1155 563 ε
1181 517 1252 563 sed
1282 519 1343 564 illi
1375 519 1496 582 plus,
1526 519 1599 568 sed

326 586 387 636 illi
418 587 623 635 maturius
647 604 657 634 :
687 602 730 634 et
755 586 910 640 deinde
936 589 1096 635 nullius
1119 591 1293 638 causam·
1309 593 1396 655 agit
1412 629 1424 647 ,
1447 606 1600 641 contra

313 677 483 708 -omnes
507 662 582 708 fibi
603 661 732 708 favet.
762 662 943 722 Quanto
963 664 1024 710 est
1053 663 1282 726 simplicius
1296 702 1310 722 ‚
1329 679 1494 729 quanto
1515 686 1598 730 pu-

328 735 528 793 dentius,
559 734 822 781 beneficium
850 748 1076 797 acceptum
1110 753 1266 801 augere
1287 738 1433 785 :scire
1458 741 1601 786 nerni-

316 823 427 854 nem
451 807 558 854 tanti
581 808 635 853 ab
660 807 774 862 alio,
807 810 956 871 quanti
981 826 1004 854 a
1031 809 1072 857 se
1099 809 1194 872 ipso
1225 810 1466 858 aestimari?
1502 812 1603 859 P-lus

329 880 527 942 accipere
555 881 713 938 debui,
736 881 806 928 sed
838 882 901 927 illi
929 881 1052 929 facile
1078 899 1168 928 non
1199 884 1278 931 fuit
1307 885 1402 948 plus
1420 885 1536 933 dare.
1551 886 1599 932 'in

327 954 488 1002 multos
507 952 741 999 dividenda
757 953 988 1001 liberalitas
1002 966 1108 1001 erat.
1123 955 1224 1001 Hoc
1242 955 1414 1002 initium
1431 957 1508 1004 est.
1522 959 1603 1004 bo-

327 1030 374 1080 ni
406 1028 704 1084 consulatum,
733 1040 777 1074 et
802 1028 994 1088 animum
1023 1028 1138 1082 eius,
1168 1039 1287 1090 grate
1313 1029 1606 1092 excipiendo,

327 1123 584 1155 evocemus.
612 1107 765 1150 Parum
787 1103 913 1158 fecit3
938 1102 1010 1150 sed
1027 1102 1190 1164 saepius
1207 1101 1350 1149 faciet.
1369 1103 1493 1149 illum
1515 1105 1603 1150 mi-

313 1179 376 1226 'hi
402 1179 625 1241 praetuli13
648 1189 691 1222 et
710 1178 966 1225 me‘multis.
997 1178 1070 1225 Ille
1100 1194 1192 1224 non
1208 1177 1269 1225 est
1289 1177 1397 1223 mihi
1418 1195 1495 1240 par
1513 1178 1606 1225 vir·-

328 1252 492 1301 tutibus
507 1289 521 1309 ,
536 1268 616 1299 nec
637 1250 819 1297 officiis:
835 1250 906 1298 sed
918 1250 1067 1297 habuit
1084 1251 1202 1297 suam
1227 1253 1459 1297 Venerem.
1477 1253 1604 1312 Que-

316 1326 469 1373 ·rendo
492 1340 581 1370 non
601 1323 784 1370 efficiam
799 1357 813 1380 ‚
837 1336 885 1368 ut
903 1322 1138 1370 maioribus
1161 1322 1315 1385 dignus
1337 1322 1410 1368 sim
1426 1358 1438 1378 ‚
1463 1323 1533 1369 sed
1555 1336 1605 1371 ut

327 1398 438 1446 datis
460 1398 675 1459 indignus.
707 1396 834 1442 Plura
851 1395 932 1443 illis
951 1393 1200 1443 hominibus
1226 1394 1478 1457 turpiflimis
1507 1396 1605 1443 data

328 1473 439 1520 sunt.
459 1473 565 1535 quid
579 1472 632 1518 ad
649 1471 771 1518 rem?
793 1487 922 1534 quam
949 1485 1048 1515 raro
1061 1468 1243 1516 fortuna
1259 1468 1422 1516 iudicat
1438 1468 1455 1515 ἒ
1474 1471 1606 1529 Quo-

318 1545 436 1592 ·tidie
457 1544 704 1608 querimur,
725 1543 861 1589 malos
890 1541 974 1589 effe
994 1541 1154 1588 felices.
1173 1541 1296 1604 saepe
1317 1558 1427 1605 quae
1444 1541 1606 1605 agellos

326 1618 499 1682 peffimi
520 1617 727 1680 cuiusque
742 1613 987 1673 transierat,
1009 1614 1281 1677 optimorum
1310 1615 1512 1661 virorum
1541 1614 1607 1662 se-

329 1705 473 1756 getem
491 1693 660 1755 grando
674 1691 889 1755 percuffir.
907 1694 1004 1738 Fert
1025 1690 1189 1736 sortem
1210 1689 1324 1735 suam
1341 1688 1541 1752 quisque,
1557 1700 1605 1736 ut

325 1764 373 1812 in
406 1765 562 1812 ceteris
591 1765 745 1823 rebus,
784 1765 843 1811 ita
876 1764 920 1811 in
959 1762 1173 1810 amicitiis.
1215 1762 1394 1809 Nullum
1422 1762 1485 1809 est
1513 1775 1603 1810 tam

327 1837 505 1900 plenum
534 1837 793 1899 beneficium
811 1874 825 1896 ‚
859 1837 981 1900 quod
1016 1853 1107 1883 non
1139 1836 1337 1884 vellicare
1365 1834 1606 1898 malignitas

327 1908 485 1971 poffit:
508 1909 669 1954 nullum
694 1920 780 1954 tam
801 1904 1053 1971 angustum,
1069 1906 1192 1970 quod
1210 1923 1300 1954 non
1315 1907 1454 1954 bonus
1468 1906 1604 1953 inter-

325 1998 428 2044 pres
449 1982 666 2028 extendat.
718 1982 953 2044 Nunquam
981 1981 1163 2028 deerunt
1188 1980 1338 2028 causae
1365 1980 1603 2044 querendi,

325 2053 356 2099 fi
390 2052 601 2099 beneficia
628 2070 650 2098 a
678 2053 894 2100 deteriore
922 2067 1042 2115 parte
1071 2052 1342 2113 speetaveris.

387 2125 562 2171 XXIX.
583 2124 699 2170 Vide
712 2141 841 2185 quam
853 2123 992 2186 iniqui
1007 2123 1088 2171 fint
1105 2123 1361 2170 divinorum
1374 2139 1604 2171 munerum

326 2195 644 2252 aestimatores,
663 2195 791 2242 etiam
809 2196 984 2258 quidam
1006 2195 1185 2258 profeffi
1201 2196 1464 2258 sapientiam.
1481 2197 1603 2256 Que-

325 2281 506 2326 runtur,
537 2269 661 2332 quod
692 2285 782 2315 non
813 2269 1109 2333 magnitudine
1140 2269 1344 2331 corporis
1370 2283 1604 2331 aequemus

319 2342 473 2403 elepha
482 2357 574 2389 ntes
591 2378 604 2400 ,
623 2340 857 2390 velocitate
877 2359 1062 2399 cervos,
1088 2341 1265 2389 levitate
1279 2358 1408 2398 aves,
1436 2341 1604 2402 impetu

327 2427 503 2461 tauros:
534 2414 653 2476 quod
673 2414 854 2461 solidior
878 2415 928 2462 sit
955 2415 1063 2462 cutis
1092 2414 1250 2471 beluis,
1277 2413 1504 2461 decentior
1526 2412 1604 2458 da-

326 2484 441 2544 mis,
467 2485 642 2532 densior
668 2485 801 2542 ursis,
835 2486 1013 2535 mollior
1038 2484 1161 2535 fibris
1187 2502 1201 2533 ι
1229 2486 1354 2550 quod
1377 2483 1604 2549 sagacitate
