1742 2967
273 153 366 215 326
527 153 576 199 L.
622 152 916 200 ANNAEI
967 154 1322 202 SENECAE

271 260 394 325 quod
415 276 667 324 acceperas,
695 261 882 308 reddes?
922 261 1217 309 Mutationem
1245 262 1443 326 sapientis
1471 273 1563 311 tan-

271 347 361 381 tam
393 347 543 380 natura
572 351 663 381 non
687 335 861 396 patitur.
888 351 988 381 nam
1016 335 1061 380 in
1091 335 1268 399 peffima
1299 337 1352 382 ab
1385 338 1565 400 optimis

271 407 414 470 lapsus
430 444 443 465 ‚
461 407 625 455 neceffe
644 407 706 473 est
724 408 851 455 etiam
873 408 917 454 in
946 407 1064 455 malo
1084 407 1261 472 vestigia
1280 409 1389 456 boni
1407 423 1563 458 teneat.
1617 450 1628 453 t

273 481 513 543 Nunquam
533 480 579 526 in
599 493 766 528 tantum
787 480 926 528 virtus
945 480 1255 544 exstinguitur,
1275 496 1325 529 ut
1352 498 1441 529 non
1466 499 1564 530 cer-

273 555 408 602 tiores
439 555 590 602 animo
620 571 744 602 notas
771 555 1021 618 imprimat,
1055 572 1187 620 quam
1221 568 1269 603 ut
1300 556 1391 604 illas
1421 557 1566 604 eradat

274 621 357 675 ulla
376 629 578 676 mutatio.
603 632 734 677 Ferae
759 629 871 676 inter
890 645 971 675 nos
996 629 1201 676 educatae
1221 664 1233 685 ,
1254 646 1352 676 cum
1376 629 1420 676 in
1440 629 1566 678 filvas

272 714 538 764 eruperunt,
568 702 736 765 aliquid
755 702 1098 749 mansuetudinis
1125 702 1328 765 pristinae
1346 703 1564 751 retinent:

271 791 533 840 tantumque
571 793 594 822 a
624 776 918 840 placidissimis
942 776 1128 832 absunt,
1155 790 1367 840 quantum
1399 797 1424 826 a
1452 778 1567 825 veris

273 849 379 896 feris
401 863 445 895 et
469 865 691 911 nunquam
723 848 961 894 humanam
990 865 1166 895 manum
1192 849 1332 912 pastis.
1356 851 1505 896 Nemo
1522 850 1567 896 in

273 922 487 970 summam
517 923 756 984 nequitiam
796 924 981 982 incidit,
1020 924 1310 988 quiunquam
1341 924 1471 971 haesit
1500 923 1566 971 sa-

272 996 477 1062 pientiae.
499 997 624 1043 altius
647 996 832 1044 infectus
850 997 935 1056 est,
959 1015 1090 1061 quam
1117 1010 1162 1043 ut
1180 1015 1233 1044 ex
1255 1013 1354 1044 roto
1383 998 1500 1057 elui,
1525 1010 1569 1045 et

274 1069 451 1115 transire
480 1068 524 1113 in
544 1068 743 1114 colorem
773 1069 904 1115 alium
933 1069 1076 1133 poffit.
1099 1070 1280 1117 Deinde
1305 1070 1536 1133 interrogo
1554 1105 1568 1128 ‚

275 1156 424 1189 utrum
441 1140 518 1187 iste
539 1140 655 1188 ferus
675 1142 725 1188 lit
743 1141 893 1187 animo
912 1155 1077 1188 tantum
1092 1178 1106 1199 ‚
1126 1159 1179 1188 an
1203 1158 1246 1189 et
1262 1142 1307 1188 in
1328 1143 1568 1204 perniciem

276 1216 496 1280 publicam
525 1215 752 1262 excurrat?
774 1215 1039 1279 Proposuisti
1055 1217 1172 1262 enim
1196 1216 1306 1263 mihi
1323 1216 1571 1281 Apollodo-

277 1306 377 1336 rum
396 1302 438 1334 et
458 1289 653 1335 Phalarin
674 1300 912 1353 tyrannum
927 1326 940 1346 ‚
961 1299 1150 1352 quorum
1166 1288 1195 1334 fi
1217 1300 1415 1335 naturam
1438 1288 1568 1335 habet

276 1363 391 1410 intra
409 1361 450 1408 se
469 1362 626 1416 malus,
653 1360 806 1424 quidni
830 1378 913 1425 ego
935 1361 1001 1407 isti
1027 1360 1288 1408 beneficium
1316 1360 1440 1406 suum
1470 1362 1569 1407 red«

277 1436 378 1483 dam
393 1471 407 1492 ,
436 1452 490 1482 ne
514 1434 622 1497 quid
644 1433 754 1480 mihi
773 1451 874 1482 cum
893 1451 949 1481 eo
968 1434 1017 1479 fit
1034 1433 1138 1482 iuris
1159 1432 1376 1495 amplius?
1399 1433 1568 1479 sivero

277 1508 489 1572 sanguine
506 1509 701 1554 humano
724 1523 816 1553 non
832 1520 996 1554 tantum
1019 1507 1174 1570 gaudet
1205 1518 1246 1552 et
1270 1506 1478 1568 pascitur,
1498 1506 1570 1552 sed

278 1594 324 1629 et
341 1579 566 1645 suppliciis
590 1579 788 1627 omnium
812 1592 1004 1627 aetatum
1027 1579 1328 1626 crudelitatem
1351 1579 1568 1625 insatiabi-

277 1654 368 1702 lem
386 1666 563 1703 exercet
577 1687 592 1710 ‚
611 1672 692 1702 nec
711 1654 774 1701 ira
789 1691 802 1713 ‚
821 1655 892 1702 sed
915 1653 1123 1702 aviditate
1142 1653 1327 1717 quadam
1347 1652 1568 1700 saeviendi

280 1726 412 1786 furit,
439 1727 470 1773 si
499 1727 546 1774 in
576 1745 655 1775 ore
683 1740 913 1791 parentum
939 1726 1053 1775 filios
1082 1727 1269 1791 iugulat,
1290 1726 1320 1772 fi
1349 1743 1439 1772 non
1459 1742 1570 1772 con-

282 1810 426 1846 tentus
443 1799 626 1863 fimplici
648 1815 791 1846 morte
805 1834 819 1858 ‚
836 1799 1083 1863 distorquet
1095 1835 1108 1858 ‚
1128 1816 1207 1846 nec
1228 1800 1317 1846 urit
1336 1798 1472 1845 solum
1493 1815 1570 1860 pe*

282 1872 473 1928 rituros‚
504 1872 576 1919 sed
596 1871 831 1935 excoquit,
850 1870 880 1917 fi
905 1888 977 1918 ara
1012 1872 1105 1918 eius
1130 1888 1287 1919 cruore
1311 1870 1480 1933 semper
1500 1887 1568 1916 re-

284 1946 405 1993 centi
423 1947 592 1993 madet:
611 1963 765 2010 parum
785 1945 846 1993 est
864 1945 966 1992 huic
983 1944 1248 1992 beneficium
1268 1961 1357 1991 non
1377 1943 1570 1993 reddere.

282 2018 517 2083 Quidquid
536 2031 656 2073 erat,
689 2035 779 2082 quo
800 2018 907 2063 mibi
935 2018 1217 2075 cohaereret,
1245 2014 1443 2064 intercisa
1468 2014 1572 2062 iuris

285 2090 464 2138 humani
493 2091 673 2138 societas
694 2089 889 2138 abscidit.
907 2090 949 2135 Si
976 2089 1247 2152 praestitisset
1266 2088 1442 2153 quidem
1463 2086 1573 2133 mihi

285 2161 450 2225 aliquid
461 2197 475 2220 ‚
494 2162 565 2209 sed
582 2179 700 2209 arma
717 2162 878 2226 patriae
892 2178 1014 2209 meae
1033 2161 1237 2210 inferret:
1255 2161 1467 2226 quidquid
1482 2177 1573 2208 me-

285 2247 453 2291 ruerat,
474 2236 748 2299 perdidisset,
776 2250 820 2283 et
834 2235 994 2283 referre
1011 2235 1073 2282 illi
1091 2236 1273 2301 gratiam
1292 2235 1425 2282 scelus
1437 2235 1573 2282 habe-

284 2323 417 2358 retur.
435 2310 466 2356 fi
488 2329 578 2358 non
600 2312 783 2374 patriam
815 2327 958 2358 meam
982 2310 1212 2375 impugnat
1226 2346 1240 2368 ‚
1257 2309 1329 2356 sed
1356 2308 1453 2356 suae
1472 2323 1571 2371 gra-

284 2383 356 2430 vis
374 2384 460 2441 est,
484 2398 527 2432 et
548 2385 753 2448 sepositus
771 2402 795 2432 a
815 2401 912 2432 mea
930 2396 1060 2448 gente
1075 2419 1088 2441 ‚
1109 2383 1229 2430 suam
1253 2381 1442 2444 exagitat
1462 2397 1474 2426 ε
1495 2380 1572 2425 ab·

286 2457 411 2508 scidit
428 2459 709 2509 nihilominus
729 2460 851 2508 illum
870 2475 986 2509 tanta
1004 2459 1197 2524 pravitas
1218 2455 1370 2506 animi.
1394 2455 1525 2504 etiam
1544 2452 1576 2500 fi
