1742 2967
389 217 486 264 DE
533 217 981 264 REM-:Frons
1030 219 1166 266 ΜΒ.
1214 223 1244 265 1.
1368 237 1449 283 ¹33

178 341 229 372 ac
254 325 456 371 fabuloso
488 325 714 381 sermone,
733 338 776 371 et
813 326 996 372 anilibus
1025 328 1316 389 argumentis,
1348 345 1458 390 pro-

178 398 317 444 hiberi
344 397 464 459 poffe
485 414 576 443 rem
597 397 996 459 pernicioflffimam
1011 434 1024 456 ‚
1046 398 1362 447 beneficiorum
1381 419 1458 449 no·

178 486 256 516 vas
295 462 474 516 tabulas.

245 545 300 590 V.
330 543 415 588 Sed
440 544 813 605 quemadmodum
844 546 1111 607 supervacua
1140 544 1459 601 transcurram,

179 611 239 658 ita
265 628 484 674 exponam
510 613 677 660 neceffe
695 614 777 671 est,
802 615 889 659 boc
913 613 1102 675 primum
1125 614 1252 660 nobis
1272 614 1356 660 effe
1376 615 1462 660 dis-

179 686 367 730 cendum
391 720 403 739 ‚
428 685 536 747 quid
555 697 737 748 accepto
760 685 975 732 beneficio
1009 687 1255 732 debeamus.
1285 687 1462 734 Debere

179 759 295 803 enim
333 759 441 804 dicit
474 758 514 804 se
546 759 651 804 alius
686 760 914 820 pecuniam
954 776 1084 820 quam
1123 759 1322 820 accepit,
1354 758 1466 805 alius

179 830 451 877 consulatum
469 863 484 886 ‚
499 831 603 877 alius
616 831 903 877 sacerdotium
922 867 934 887 ‚
956 831 1060 876 alius
1074 831 1363 892 provinciam.
1382 830 1462 878 Ista

179 916 324 949 autem
355 905 449 950 sunt
479 904 734 950 meritorum
762 903 898 966 figna,
931 920 1019 949 non
1054 904 1220 949 merita.
1250 904 1353 949 Non
1377 921 1463 966 po-

180 975 259 1022 test
286 977 550 1024 beneficium
580 994 711 1023 manu
731 977 847 1039 tangi
868 995 878 1022 r
898 977 1048 1022 animo
1069 977 1250 1040 geritur.
1277 976 1463 1023 multum

179 1048 354 1095 interest
375 1050 486 1096 inter
513 1050 736 1096 materiam
759 1047 981 1106 beneficii,
1003 1063 1045 1095 et
1075 1048 1349 1096 beneficium.
1379 1050 1462 1096 ita-

182 1139 268 1185 que
299 1139 379 1168 nec
410 1140 563 1169 aurum
580 1159 593 1179 ‚
623 1140 703 1169 nec
730 1137 984 1184 argentum,
1011 1139 1091 1169 nec
1122 1122 1361 1185 quidquam
1384 1140 1461 1170 eo·

181 1212 277 1241 rum
310 1213 420 1259 quae
446 1213 470 1242 a
500 1195 715 1259 proximis
746 1196 1046 1257 accipiuntur,
1076 1195 1344 1242 beneficium
1366 1196 1427 1242 est
1447 1232 1462 1254 ,

180 1266 251 1314 sed
271 1268 358 1329 ipsa
381 1269 610 1315 tribuentis
633 1270 849 1314 voluntas.
876 1267 1068 1329 imperiti
1090 1282 1235 1313 autem
1254 1267 1315 1323 id,
1337 1268 1462 1330 quod

181 1341 326 1387 oculis
342 1341 525 1387 incurrit
539 1377 552 1398 ‚
585 1356 629 1387 et
647 1341 768 1403 quod
786 1341 971 1386 traditur
996 1340 1325 1402 poffideturque
1341 1376 1356 1397 ,
1384 1340 1458 1386 so-

180 1411 269 1457 lum
301 1424 455 1458 notant
481 1430 492 1457 ε
521 1424 674 1458 contra
691 1446 705 1469 ,
731 1412 835 1457 illud
867 1412 987 1474 quod
1013 1412 1058 1456 in
1085 1427 1130 1456 re
1155 1428 1301 1457 carum
1330 1426 1463 1474 atque

181 1484 422 1546 pretiosum
447 1485 532 1541 est,
561 1485 686 1546 parvi
721 1485 931 1547 pendunt.
959 1485 1078 1530 Haec
1110 1500 1221 1547 quae
1244 1497 1463 1539 tenemus,

180 1573 292 1621 quae
315 1557 573 1619 adspicimus
589 1589 603 1613 ‚
633 1557 677 1603 in
705 1557 862 1621 quibus
888 1557 1099 1619 cupiditas
1122 1555 1267 1602 nostra
1291 1557 1464 1614 haeret,

183 1630 350 1676 caduca
380 1629 503 1684 sunt;
546 1629 716 1676 auferre
752 1646 802 1675 ea
834 1629 962 1675 nobis
996 1642 1039 1675 et
1074 1628 1281 1684 fortuna,
1317 1644 1361 1676 et
1390 1630 1461 1675 in-

182 1701 292 1747 iuria
311 1702 452 1764 potest
474 1701 761 1748 :beneficium
782 1718 919 1758 vero,
939 1702 1068 1748 etiam
1090 1701 1243 1747 amiffo
1268 1717 1323 1747 eo
1341 1703 1464 1764 quod

184 1777 331 1822 datum
364 1775 454 1833 est,
482 1777 620 1821 durat.
658 1775 729 1820 Est
747 1775 863 1820 enim
896 1775 1008 1820 reete
1036 1774 1223 1832 factum,
1248 1777 1369 1837 quod
1399 1776 1463 1821 ir-

185 1844 315 1895 ritum
349 1849 465 1894 nulla
496 1849 563 1895 vis
597 1847 745 1894 efficit.
782 1848 991 1893 Amicum
1022 1864 1045 1892 a
1074 1847 1219 1909 piratis
1254 1847 1421 1894 redemi
1450 1865 1464 1893 ε

185 1922 300 1969 hunc
314 1922 417 1968 alius
431 1921 565 1968 hostis
582 1920 772 1982 excepit,
782 1918 823 1966 et
843 1920 886 1965 in
906 1935 1123 1966 carcerem
1145 1918 1356 1965 condidit.
1374 1935 1465 1965 non

185 1994 449 2042 beneficium
467 2031 478 2051 ‚
501 1993 572 2040 sed
593 1994 716 2043 usum
738 1991 942 2039 beneficii
969 1991 1057 2037 mei
1081 1990 1256 2038 sustulit.
1279 1992 1343 2036 Ex
1361 2008 1467 2037 nau-

186 2066 328 2131 fragio
347 2067 476 2114 alicui
490 2079 639 2129 raptos
653 2102 666 2123 ‚
694 2065 766 2112 vel
781 2083 833 2112 ex
852 2065 1059 2111 incendio
1082 2065 1246 2111 liberos
1266 2064 1435 2111 reddidi
1453 2081 1476 2111 ε»

186 2141 270 2188 hos
296 2142 368 2187 vei
398 2141 607 2197 morbus,
635 2140 705 2186 vel
726 2140 871 2203 aliqua
898 2138 1077 2185 fortuita
1106 2137 1262 2183 iniuria
1278 2137 1467 2199 eripuit:

191 2228 339 2261 manet
366 2215 496 2261 etiam
524 2213 611 2259 fine
641 2213 744 2268 illis,
771 2213 894 2276 quod
920 2212 964 2258 in
991 2211 1071 2257 illis
1096 2210 1244 2257 datum
1266 2209 1338 2256 est.
1358 2211 1481 2257 Ome„

187 2288 258 2335 nia
279 2289 454 2350 itaque,
485 2303 596 2351 quae
624 2287 777 2333 falsum
810 2285 1012 2333 benefici-i
1045 2300 1207 2330 nomen
1236 2284 1470 2345 usurpant,

185 2360 423 2406 ministeria
454 2359 549 2405 sunt
565 2391 583 2414 ‚,
612 2375 689 2421 per
717 2375 828 2421 quae
858 2357 901 2404 se
933 2357 1135 2405 voluntas
1161 2354 1300 2401 amica
1328 2355 1469 2417 expli-

188 2444 270 2481 cat.
310 2433 413 2479 Hoc
437 2447 617 2495 quoque
640 2432 684 2477 in
709 2431 801 2477 aliis
833 2431 962 2476 rebus
987 2429 1161 2485 evenit,
1189 2440 1235 2474 ut
1261 2427 1396 2474 aliubi
1422 2427 1473 2475 sit

188 2505 357 2569 species
380 2504 471 2568 rei,
495 2505 627 2553 aliubi
656 2504 746 2568 ipsa
771 2519 853 2552 res.
893 2505 1136 2566 Imperator
1158 2501 1350 2565 aliquem
1377 2511 1476 2549 tor-

1136 2571 1215 2630 13
