1742 2967
331 116 428 191 DE
478 144 904 192 BENEqus
957 148 1205 195 Llss.V1.
1317 167 1402 212 301

144 251 198 298 cle
217 251 295 298 suo
312 284 325 308 ‚
354 252 539 299 multum
568 252 706 299 abesse
729 253 937 300 videreris
956 271 978 300 a
1000 267 1123 317 grato
1145 273 1155 302 :
1182 257 1268 303 hoc
1286 261 1407 321 quod

145 341 298 389 optas,
325 325 515 388 iniquius
541 326 612 372 est.
645 327 885 374 Exsecraris
909 329 1022 373 enim
1047 329 1191 386 illum,
1212 344 1254 377 et
1283 348 1410 394 caput

146 399 334 445 sanflum
361 398 440 444 tibi
472 398 563 443 dira
592 400 906 461 imprecatione
937 401 1100 464 defigis.
1151 403 1297 449 Nemo
1316 441 1327 462 ‚
1362 421 1409 452 ut

145 470 369 529 existimo,
392 471 445 516 de
462 471 727 518 immanitate
745 473 877 518 animi
901 472 964 518 tui
984 474 1221 531 dubitaret,
1244 475 1273 520 si
1296 493 1411 537 aper-

146 543 257 589 teilli
274 555 592 606 paupertatem,
614 545 643 589 fi
671 545 965 607 captivitatem
987 581 998 601 ‚
1023 545 1051 590 si
1075 546 1231 592 samem
1258 565 1306 594 ac
1324 566 1412 594 me·

108 662 123 675 ,
144 621 238 661 tum
270 616 581 679 imprecareris.
617 617 797 680 Aliquid
826 617 1018 675 interest,
1043 634 1189 665 utrum
1216 638 1309 667 vox
1338 621 1412 667 ista

147 689 247 733 voti
273 688 323 734 fit
352 688 446 734 tui?
478 691 610 738 Sanus
632 691 797 752 aliquid
820 691 976 736 horum
1005 705 1123 752 opta.
1160 693 1340 750 Inunc,
1370 706 1413 740 et

147 759 234 806 hoc
255 760 341 806 esse
365 760 473 823 grati
503 774 604 823 puta
620 796 632 818 ,
657 763 780 824 quod
809 778 863 807 ne
889 761 1078 823 ingratus
1106 763 1278 824 quidem
1300 765 1415 812 face-

146 843 240 887 ret,
270 833 345 895 qui
374 833 513 879 modo
538 849 627 877 non
653 833 785 893 usque
806 832 850 878 in
876 832 1054 891 odium,
1079 832 1151 879 sed
1173 848 1339 882 tantum
1358 838 1412 882 ad

147 903 463 951 inficiationem
489 904 687 951 beneficii
708 905 971 966 perveniret.

204 974 432 1024 XXXVI.
469 978 581 1036 Quis
616 979 736 1038 pium
774 977 892 1023 dicet
925 981 1114 1024 Aeneam
1137 1013 1149 1035 ,
1177 977 1206 1024 fi
1236 979 1415 1041 patriam

149 1050 246 1112 capi
277 1051 494 1106 voluerit,
523 1063 569 1096 ut
594 1049 846 1112 captivitate
876 1063 1038 1110 patrem
1071 1051 1258 1112 eripiat?
1304 1054 1418 1111 Quis

148 1124 315 1171 Siculos
329 1119 526 1181 iuvenes,
543 1138 591 1169 ut
608 1124 722 1169 bona
735 1122 879 1170 liberis
895 1124 1091 1184 exempla
1111 1124 1417 1182 monstrarent,

149 1195 179 1240 si
204 1205 466 1257 optaverunt
484 1207 532 1240 ut
555 1197 696 1240 Aetna
721 1194 929 1241 immensa
947 1195 1110 1256 ignium
1138 1195 1182 1240 vi
1210 1194 1332 1257 supra
1353 1196 1420 1241 so·

146 1268 272 1314 litum
294 1269 448 1315 ardens
472 1279 514 1314 et
534 1267 702 1314 incensa
731 1268 1012 1331 praecipitet,
1042 1269 1192 1313 datura
1224 1268 1320 1330 ipsis
1343 1285 1418 1314 oc-

149 1341 367 1388 casionem
395 1340 664 1387 exhibendae
689 1340 861 1401 pietatis
878 1375 892 1397 ‚
922 1358 974 1386 ex
1001 1342 1147 1386 medio
1173 1345 1419 1404 parentibus

147 1413 355 1459 incendio
381 1412 546 1474 raptis?
575 1412 696 1457 Nihil
724 1411 852 1458 debet
874 1412 1065 1473 Scipioni
1090 1415 1258 1471 Roma,
1288 1414 1315 1459 si
1338 1417 1419 1460 Pu-

151 1485 298 1530 nicum
323 1484 487 1531 bellum
515 1497 562 1531 ut
590 1484 759 1541 finiret,
787 1482 922 1530 aluit:
951 1483 1055 1529 nihil
1085 1485 1240 1531 Deciis
1259 1522 1270 1543 ‚
1299 1489 1419 1550 quod

150 1571 294 1605 morte
311 1560 490 1621 patriam
516 1560 829 1615 servaverunt,
864 1558 893 1603 si
915 1557 1030 1619 prius
1047 1572 1342 1620 optaverunt,
1373 1573 1421 1606 ut

153 1631 389 1678 devotioni
413 1631 664 1676 fortissimae
683 1630 831 1675 locum
861 1629 1010 1675 ultima
1040 1647 1183 1676 rerum
1206 1633 1422 1679 neceslitas

153 1702 329 1750 faceret.
345 1704 609 1750 Gravissima
632 1703 811 1749 infamia
831 1703 892 1750 est
907 1703 1094 1760 medici,
1110 1720 1219 1766 opus
1241 1722 1422 1768 quaere-

152 1792 213 1822 re.
233 1777 363 1823 Multi
383 1793 495 1839 quos
515 1789 723 1822 auxerant
741 1777 948 1832 morbos,
971 1787 1015 1821 et
1040 1776 1323 1822 incitaverant
1336 1811 1351 1833 ,
1377 1790 1423 1823 ut

157 1849 325 1895 maiore
354 1850 493 1912 gloria
526 1849 721 1896 sanarent
740 1884 754 1906 ,
789 1865 880 1894 non
910 1861 1146 1910 potuerunt
1175 1850 1387 1898 discutere
1412 1886 1426 1908 ,

154 1935 229 1969 aut
260 1939 359 1969 cum
395 1940 549 1986 magna
585 1923 846 1968 miserorum
877 1923 1113 1969 vexatione
1137 1923 1349 1970 vicerunt.

221 1996 460 2042 XXXVII.
494 1995 783 2041 Callistratum
814 1995 963 2048 aiunt,
996 1995 1054 2040 ita
1081 2007 1196 2042 certe
1228 1997 1428 2042 Hecaton

157 2069 410 2127 au&or.est,
431 2086 529 2116 cum
552 2071 597 2114 in
622 2068 813 2115 exsilium
841 2069 952 2125 iret,
976 2069 1019 2114 in
1045 2069 1165 2131 quod
1191 2068 1351 2114 multos
1377 2069 1427 2114 si·

156 2143 251 2188 mul
279 2160 380 2190 cum
407 2143 483 2189 illo
502 2142 700 2188 seditiosa
729 2143 880 2188 civitas
899 2154 940 2187 et
963 2142 1296 2203 intemperanter
1321 2141 1428 2186 libe-

156 2231 201 2261 ra
222 2216 446 2277 expulerat
461 2251 474 2272 ‚
499 2229 680 2276 optante
705 2215 919 2276 quodam,
940 2225 986 2259 ut
1007 2212 1334 2259 Atheniensibus
1352 2229 1428 2259 ne-

157 2287 321 2335 ceffitas
352 2287 602 2335 restituendi
627 2287 793 2333 exsules
821 2287 945 2342 esset,
975 2286 1272 2332 abominatum
1298 2287 1428 2332 talem

158 2359 360 2406 reditum.
394 2360 581 2406 Rutilius
604 2359 750 2405 noster
779 2356 1026 2405 animosius.
1051 2374 1150 2404 curn
1177 2358 1353 2420 quidam
1375 2357 1432 2402 il-

159 2430 249 2479 lum
262 2432 559 2480 consolaretur
571 2467 587 2489 ‚
605 2444 648 2479 et
666 2430 829 2478 diceret
846 2430 1002 2477 instare
1015 2447 1134 2477 arma
1149 2430 1318 2478 civilia:
1339 2430 1431 2477 bre-
