1742 2967
310 185 418 238 DE
465 186 943 235 CLEMENTIA
993 188 1124 233 ΗΒ.
1176 189 1207 232 ι.
1347 200 1397 249 15

115 302 141 350 s
140 310 204 355 et,
229 301 274 344 et
296 296 341 343 in
365 295 508 343 Gallia
538 305 787 342 moraretur
804 330 817 352 ‚
840 294 1030 341 delatum
1058 291 1122 340 est
1141 293 1194 339 ad
1214 309 1313 339 eum
1338 293 1406 339 in-

123 370 287 418 dicium
307 402 322 426 9
354 372 402 418 L.
435 369 653 427 Cinnam,
674 367 817 414 stolidi
849 367 1012 430 ingenii
1044 365 1213 433 virum,
1239 366 1410 414 infidias

122 442 162 488 ei
191 440 370 489 struere.
406 440 592 487 Dictum
610 437 677 489 lest
706 448 749 485 et
779 437 876 496 ubi,
896 450 939 484 et
959 437 1159 501 quando,
1189 448 1231 483 et
1251 453 1408 500 quem-

121 515 365 561 admodum
396 512 573 577 aggredi
601 510 750 560 vellet.
786 526 897 557 unus
929 527 982 557 ex
1013 510 1201 558 consciis
1233 509 1407 556 defere-

121 586 209 633 bat.
237 583 475 632 Constituit
490 584 533 630 se
552 584 608 630 ab
626 600 682 631 eo
702 583 928 631 vindicare
949 599 960 629 t
985 582 1216 631 confilium
1236 584 1408 631 amico-

122 674 220 705 rum
246 657 456 707 advocari
476 656 601 704 iuffit.
630 657 737 703 Nox
759 656 820 702 illi
847 656 1042 719 inquieta
1065 667 1178 715 erat,
1206 673 1304 703 cum
1330 672 1408 703 co-

122 732 281 795 gitaret
308 732 631 780 adolescentem
660 730 857 779 nobilem
876 765 890 787 ,
918 730 1008 778 hoc
1035 729 1231 778 detra&o
1247 765 1261 787 ‚
1294 730 1407 777 inte-

122 823 270 868 grum,
283 805 368 854 Cn.
382 806 583 869 Pompeii
597 820 807 868 nepotem
827 805 1140 852 damnandum.
1158 807 1247 851 Iam
1266 822 1405 852 unum

119 878 348 926 hominem
381 879 586 927 occidere
615 894 707 925 non
733 889 905 942 poterat
933 895 944 925 :
971 894 1072 925 cum
1103 881 1168 925 M.
1202 879 1406 926 Antonio

120 950 455 1014 proscriptionis
489 951 682 999 ediffitm
711 951 826 999 inter
859 966 1043 998 coenam
1074 951 1270 999 dictarat.
1314 953 1406 999 Ge-

123 1040 247 1072 mens
266 1024 448 1072 subinde
466 1040 602 1072 voces
619 1023 844 1072 emittebat
862 1023 1025 1081 varias,
1043 1036 1085 1071 et
1104 1023 1217 1071 inter
1237 1024 1278 1072 se
1298 1041 1405 1072 con-

123 1097 292 1144 trarias.
334 1097 457 1158 Quid
481 1096 622 1161 ergo?
647 1112 732 1160 ego
753 1096 1051 1159 percussorem
1081 1113 1256 1144 mecum
1287 1097 1408 1144 secu·

122 1186 220 1216 rum
253 1169 478 1216 ambulare
516 1169 682 1232 patiar,
708 1185 780 1215 me
804 1168 1017 1216 solicito?
1047 1170 1166 1232 Ergo
1206 1187 1297 1216 non
1327 1171 1408 1216 da-

123 1241 189 1288 bit
216 1257 407 1305 poenas,
437 1239 513 1303 qui
540 1252 608 1286 tot
637 1240 843 1287 civilibus
873 1240 998 1287 bellis
1029 1239 1182 1288 frustra
1218 1243 1404 1305 petitum

122 1328 281 1377 caput,
307 1324 377 1360 tot
402 1311 649 1367 navalibus,
680 1322 750 1359 tot
775 1310 1044 1375 pedestribus
1072 1312 1251 1374 proeliis
1275 1315 1407 1362 inco-

122 1386 271 1444 lume,
298 1383 531 1449 postquam
567 1397 683 1432 terra
711 1384 909 1448 marique
936 1400 1022 1447 pax
1047 1398 1169 1447 parta
1198 1386 1289 1443 est,
1316 1405 1412 1449 non,

123 1459 331 1508 occidere
351 1457 608 1517 constituit,
636 1458 708 1507 sed
735 1458 994 1507 immolare?
1026 1476 1126 1506 nam
1156 1450 1416 1511 sacrificanss

125 1543 216 1579 tem
247 1531 470 1595 placuerat
500 1530 679 1578 adoriri.
718 1531 880 1578 Rursus
908 1531 1079 1580 silentio
1110 1534 1370 1598 interposito
1388 1572 1404 1593 ‚

125 1604 294 1652 maiore
313 1604 455 1651 multo
479 1620 621 1660 voce,
644 1603 743 1663 fibi,
761 1621 892 1668 quam
914 1605 1108 1663 Cinnae,
1128 1605 1406 1658 irascebatur.

125 1677 253 1738 Quid
278 1676 421 1736 vivis,
441 1677 472 1723 fi
491 1678 632 1741 perire
648 1690 692 1725 te
706 1690 796 1725 tam
816 1678 1060 1726 multorum
1078 1680 1254 1728 interest
1271 1682 1289 1729 ἒ
1313 1682 1411 1745 quis

126 1751 226 1799 finis
252 1752 334 1799 erit
368 1751 721 1816 suppliciorum?
758 1754 856 1817 quis
892 1753 1142 1818 sanguinis?
1180 1759 1277 1820 Ego
1312 1758 1408 1804 sum

123 1823 347 1872 nobilibus
377 1824 708 1873 adolescentulis
737 1825 981 1889 expositum
1013 1840 1173 1892 caput,
1204 1830 1252 1876 in
1281 1833 1409 1894 quod

124 1912 364 1944 mucrones
394 1908 566 1945 acuant.
595 1899 702 1944 Non
729 1897 790 1945 est
814 1897 920 1946 tanti
944 1898 1034 1948 vita
1052 1935 1066 1958 ‚
1091 1900 1122 1946 fi
1145 1913 1192 1947 ut
1210 1918 1296 1965 ego
1317 1919 1410 1949 non

127 1985 330 2033 peream,
359 1986 447 2019 tam
466 1972 601 2019 multa
618 1973 838 2035 perdenda
862 1971 972 2020 sunt.
1000 1975 1299 2038 Interpellavit
1317 1988 1411 2023 tan-

129 2044 231 2091 dem
256 2043 378 2091 illum
398 2045 522 2093 Livia
541 2063 689 2093 uxor:
711 2059 776 2106 et,
802 2049 1032 2104 Admittis,
1051 2049 1217 2114 inquit,
1252 2053 1409 2100 muliee

132 2114 211 2162 bre
230 2117 487 2165 confilium?
514 2121 597 2167 Fac
617 2120 740 2183 quod
759 2121 921 2168 medici
939 2120 1078 2170 solent
1101 2141 1112 2169 ε
1133 2124 1210 2187 qui
1233 2125 1308 2171 ubi
1330 2126 1411 2171 usi-

129 2198 217 2233 tata
245 2189 436 2236 remedia
467 2206 558 2238 non
585 2193 855 2254 procedunt,
882 2206 1049 2241 tentant
1076 2197 1309 2243 contraria.
1339 2199 1411 2245 Se·

130 2261 313 2309 veritate
345 2264 453 2310 nihil
484 2265 624 2312 adhuc
657 2266 914 2329 profecisti:
950 2268 1248 2316 Salvidienum
1285 2271 1413 2335 Lepi·-

130 2334 213 2381 dus
229 2335 396 2383 secutus
414 2336 496 2395 est,
523 2339 739 2401 Lepidum
762 2343 996 2399 Muraena,
1024 2344 1279 2390 Muraenam
1300 2346 1411 2392 Cae-

135 2408 245 2470 pio,
283 2410 556 2472 Caepionem
593 2413 826 2477 Egnatius,
856 2426 903 2461 ut
933 2416 1042 2462 alios
1070 2428 1258 2473 taceam,
1297 2436 1411 2482 quos

136 2490 303 2527 tantum
322 2483 446 2529 ausos
464 2483 631 2546 pudet:
659 2501 775 2534 nunc
795 2497 936 2543 tenta,
967 2490 1203 2552 quomodo
1231 2490 1310 2538 tibi
1339 2507 1410 2545 ce7
