1742 2967
273 204 323 245 ¹4
520 185 568 235 L.
614 187 908 234 ANNAEI
957 187 1312 234 SENECAE

264 293 398 357 fingit.
419 296 559 342 Multa
578 307 731 343 contra
751 306 793 342 te
811 295 886 342 lux
903 294 977 343 est.
997 295 1196 343 omnium
1214 296 1259 342 in
1279 294 1402 343 istam
1422 310 1532 344 con·

263 368 367 414 verli
393 371 512 416 oculi
530 370 638 417 sunt.
674 369 854 416 Prodire
871 381 914 418 te
933 370 1091 433 putas?
1114 371 1270 418 oriris:
1292 369 1416 434 loqui
1440 388 1531 418 non

262 451 406 499 potes,
429 440 506 487 nifi
528 455 575 486 ut
596 456 756 487 vocem
780 451 923 498 tuam,
940 457 1049 505 quae
1068 442 1230 505 ubique
1249 442 1345 489 sunt
1365 455 1534 506 gentes,

259 512 492 576 excipiant.
517 512 639 559 irasci
671 528 763 558 non
788 525 915 574 potes
932 549 947 571 ‚
975 513 1052 559 nifi
1081 525 1130 560 ut
1157 514 1308 562 omnia
1334 524 1535 562 tremant.

260 586 314 632 lic
337 586 551 633 neminem
581 600 707 649 potes
735 585 924 649 affligere
942 621 957 645 ‚
987 586 1065 633 nis1
1098 599 1145 634 ut
1176 587 1391 652 quidquid
1419 587 1533 636 cirea

259 658 388 705 fuerit
403 694 416 717 ,
442 658 674 722 quatiatur.
695 660 755 705 Ut
775 657 957 705 fulmina
980 676 1222 722 paucorum
1246 659 1444 723 periculo
1465 677 1536 710 ca—

258 731 393 788 dunt,
428 730 627 777 omnium
658 741 803 786 metu3
831 731 888 777 fic
925 730 1321 782 animadverfiones
1352 749 1533 798 magna-

256 820 357 849 rum
388 801 649 866 potestatum
677 817 841 850 terrent
868 803 1022 862 latius,
1050 821 1183 868 quam
1210 820 1373 853 nocent
1399 824 1410 852 :
1440 823 1534 852 non

257 875 345 922 sine
370 876 507 924 causa.
540 877 647 922 Non
676 874 794 922 enim
826 891 1040 939 quantum
1073 875 1253 931 fecerit,
1285 876 1358 924 sed
1388 894 1532 942 quan-

256 961 348 995 tum
376 949 563 997 fasturus
587 948 664 1007 fit,
684 948 902 1012 cogitatur
925 949 970 995 in
990 966 1071 1008 eo,
1095 950 1171 1013 qui
1198 949 1347 997 omnia
1377 950 1533 1012 potest.

255 1023 415 1069 Adiice
449 1039 592 1077 nunc,
619 1022 742 1086 quod
776 1022 970 1084 privatos
997 1022 1198 1070 homines
1232 1023 1289 1069 ad
1314 1021 1534 1086 accipien-

255 1096 330 1141 das
357 1094 535 1141 iniurias
553 1094 899 1157 opportuniores
915 1129 928 1152 ‚
945 1106 1221 1156 acceptarum
1241 1094 1448 1157 patientia
1467 1094 1532 1141 fa-

255 1169 316 1214 cit
343 1185 352 1213 :
380 1167 553 1230 regibus
580 1166 742 1214 certior
771 1166 831 1212 est
860 1183 914 1213 ex
947 1167 1278 1215 mansuetudine
1312 1168 1530 1217 securitas.

256 1240 374 1301 Quia
399 1238 606 1303 frequens
633 1237 828 1287 vindista
850 1255 1095 1301 paucorum
1123 1240 1276 1286 odium
1304 1240 1529 1303 reprimit,

255 1313 457 1361 omnium
492 1313 632 1361 irritat
662 1331 671 1359 :
701 1311 905 1360 voluntas
938 1324 1116 1376 oportet
1140 1329 1239 1361 ante
1270 1313 1528 1371 saeviendi,

255 1404 386 1451 quam
407 1387 552 1444 causa,
572 1384 758 1433 deficiat.
778 1386 989 1449 Alioquin
1010 1387 1529 1450 quemadmodumpprae-

256 1461 364 1508 cisae
381 1460 558 1507 arbores
576 1458 774 1521 plurimis
794 1458 923 1505 ramis
944 1459 1202 1521 repullulant
1215 1495 1229 1518 ‚
1250 1471 1294 1507 et
1307 1460 1445 1508 multa
1467 1463 1528 1508 sa-

255 1548 401 1580 torum
419 1547 577 1594 genera
591 1543 640 1577 ut
657 1530 852 1577 densiora
871 1531 1072 1594 surgant,
1091 1531 1345 1578 reciduntur
1361 1550 1372 1579 ε
1388 1532 1447 1580 ita
1466 1549 1530 1580 re-

254 1607 324 1670 gia
356 1605 588 1652 crudelitas
611 1615 737 1667 auget
768 1602 1048 1651 inimicorum
1083 1620 1342 1661 numerum,
1366 1605 1528 1652 tollen-

255 1683 329 1727 do.
366 1682 567 1727 Parentes
602 1679 719 1725 enim
748 1677 958 1741 liberique
993 1694 1174 1736 eorum,
1202 1679 1279 1743 qui
1311 1678 1528 1727 interfeffi

256 1755 380 1810 lunt,
407 1767 450 1798 et
470 1749 734 1814 propinqui,
765 1762 808 1796 et
834 1748 993 1808 amici,
1017 1749 1062 1796 in
1080 1749 1230 1797 locum
1257 1748 1526 1814 singulorum

258 1827 504 1875 succedunt.

320 1900 397 1944 IX.
427 1900 528 1945 Hoc
554 1914 684 1960 quam
713 1912 870 1944 verum
888 1895 966 1954 fit,
996 1896 1235 1943 admonere
1259 1909 1304 1943 te
1323 1897 1528 1959 exemplo

255 1970 500 2020 domestico
537 1972 660 2018 volo.
702 1970 849 2017 Divus
882 1969 1098 2032 Augustus
1135 1968 1219 2016 fuit
1253 1969 1372 2017 mitis
1405 1969 1527 2017 Prin-

255 2061 389 2108 ceps,
418 2043 449 2089 fi
471 2044 567 2106 quis
594 2043 715 2090 illum
735 2059 759 2089 a
790 2042 1035 2105 principatu
1062 2042 1139 2088 suo
1164 2040 1388 2089 aestimare
1415 2042 1530 2090 inci-

258 2118 344 2177 piat
365 2134 375 2163 :
399 2116 443 2162 in
475 2117 702 2163 communi
731 2116 909 2179 quidem
936 2114 1177 2178 Republica
1202 2114 1394 2178 gladium
1426 2133 1529 2164 mo·

261 2192 333 2238 vit.
365 2192 483 2237 Cum
512 2190 600 2237 hoc
627 2190 774 2237 aetatis
802 2189 930 2247 esset,
960 2189 1083 2252 quod
1107 2201 1152 2236 tu
1176 2205 1292 2236 nunc
1315 2206 1385 2245 es,
1415 2190 1529 2236 duo·

255 2263 567 2311 devicesimum
598 2263 787 2325 egressus
814 2278 974 2309 annum
995 2296 1009 2318 ‚
1044 2261 1130 2307 iam
1159 2261 1371 2325 pugiones
1396 2261 1442 2308 in
1471 2261 1528 2308 fi-

252 2356 358 2384 num
382 2337 625 2384 amicorum
651 2336 957 2393 absconderat,
1002 2336 1089 2381 iam
1117 2333 1280 2391 insidiis
1302 2336 1364 2380 M.
1392 2338 1531 2383 Anto-

258 2414 316 2457 2³³}
345 2412 527 2458 consulis
558 2412 667 2457 latus
694 2411 902 2474 petierat,
940 2412 1024 2457 iam
1057 2409 1196 2456 fuerat
1224 2409 1391 2472 collega
1423 2427 1528 2471 pro-

261 2483 500 2545 scripti-anis
522 2501 531 2526 :
555 2484 625 2530 ‘kd
647 2500 745 2531 cum
766 2500 926 2532 annum
961 2482 1333 2548 quadragesimum
1360 2480 1528 2528 tramis·-
