<?xml version="1.0" encoding="UTF-8"?>
<!DOCTYPE html PUBLIC "-//W3C//DTD XHTML 1.0 Transitional//EN"
    "http://www.w3.org/TR/xhtml1/DTD/xhtml1-transitional.dtd">
<html xmlns="http://www.w3.org/1999/xhtml" xml:lang="en" lang="en">
 <head>
  <title>
</title>
<meta http-equiv="Content-Type" content="text/html;charset=utf-8" />
  <meta name='ocr-system' content='tesseract 3.04.00' />
  <meta name='ocr-capabilities' content='ocr_page ocr_carea ocr_par ocr_line ocrx_word'/>
</head>
<body>
  <div class='ocr_page' id='page_1' title='image "./lannaeisenecaeph02seneuoft_0161.png"; bbox 0 0 1742 2967; ppageno 0'>
   <div class='ocr_carea' id='block_1_1' title="bbox 339 177 1404 278">
    <p class='ocr_par' dir='ltr' id='par_1_1' title="bbox 339 177 1404 278">
     <span class='ocr_line' id='line_1_1' title="bbox 339 177 1404 278; baseline 0.007 -18"><span class='ocrx_word' id='word_1_1' title='bbox 339 177 440 260; x_wconf 69' lang='lat' dir='ltr'>Da</span> <span class='ocrx_word' id='word_1_2' title='bbox 490 213 932 260; x_wconf 69' lang='lat' dir='ltr'>Bssussrtcits</span> <span class='ocrx_word' id='word_1_3' title='bbox 983 216 1118 262; x_wconf 81' lang='lat' dir='ltr'>LtB.</span> <span class='ocrx_word' id='word_1_4' title='bbox 1167 218 1200 263; x_wconf 89' lang='lat'>1.</span> <span class='ocrx_word' id='word_1_5' title='bbox 1320 235 1404 278; x_wconf 55' lang='grc' dir='ltr'>μμ</span> 
     </span>
    </p>
   </div>
   <div class='ocr_carea' id='block_1_2' title="bbox 76 319 1417 2571">
    <p class='ocr_par' dir='ltr' id='par_1_2' title="bbox 76 319 1417 1533">
     <span class='ocr_line' id='line_1_2' title="bbox 133 319 1414 384; baseline 0.004 -17"><span class='ocrx_word' id='word_1_6' title='bbox 133 319 370 384; x_wconf 83' lang='lat' dir='ltr'>cogitavit,</span> <span class='ocrx_word' id='word_1_7' title='bbox 398 336 488 366; x_wconf 85' lang='lat' dir='ltr'>non</span> <span class='ocrx_word' id='word_1_8' title='bbox 510 320 583 383; x_wconf 85' lang='lat' dir='ltr'>qui</span> <span class='ocrx_word' id='word_1_9' title='bbox 604 319 679 365; x_wconf 84' lang='lat' dir='ltr'>fibi</span> <span class='ocrx_word' id='word_1_10' title='bbox 712 320 935 367; x_wconf 86' lang='lat' dir='ltr'>civitatem</span> <span class='ocrx_word' id='word_1_11' title='bbox 957 322 1136 378; x_wconf 85' lang='lat' dir='ltr'>darent,</span> <span class='ocrx_word' id='word_1_12' title='bbox 1163 322 1232 368; x_wconf 90' lang='lat' dir='ltr'>sed</span> <span class='ocrx_word' id='word_1_13' title='bbox 1254 324 1321 370; x_wconf 88' lang='lat' dir='ltr'>cui</span> <span class='ocrx_word' id='word_1_14' title='bbox 1338 326 1414 372; x_wconf 90' lang='lat' dir='ltr'>de-</span> 
     </span>
     <span class='ocr_line' id='line_1_3' title="bbox 76 393 1414 455; baseline 0.003 -15"><span class='ocrx_word' id='word_1_15' title='bbox 76 414 81 418; x_wconf 90' lang='lat'>·</span> <span class='ocrx_word' id='word_1_16' title='bbox 130 394 298 440; x_wconf 85' lang='lat' dir='ltr'>diffent.</span> <span class='ocrx_word' id='word_1_17' title='bbox 319 395 370 438; x_wconf 75' lang='lat' dir='ltr'>Et</span> <span class='ocrx_word' id='word_1_18' title='bbox 398 393 535 438; x_wconf 86' lang='lat' dir='ltr'>bomo</span> <span class='ocrx_word' id='word_1_19' title='bbox 563 393 726 455; x_wconf 83' lang='lat' dir='ltr'>gloriae</span> <span class='ocrx_word' id='word_1_20' title='bbox 748 393 919 441; x_wconf 86' lang='lat' dir='ltr'>deditus</span> <span class='ocrx_word' id='word_1_21' title='bbox 938 430 952 450; x_wconf 87' lang='lat'><strong>‚</strong></span> <span class='ocrx_word' id='word_1_22' title='bbox 971 395 1095 442; x_wconf 88' lang='lat' dir='ltr'>cuius</span> <span class='ocrx_word' id='word_1_23' title='bbox 1116 413 1196 442; x_wconf 83' lang='lat' dir='ltr'>nec</span> <span class='ocrx_word' id='word_1_24' title='bbox 1218 409 1414 445; x_wconf 82' lang='lat' dir='ltr'>naturam</span> 
     </span>
     <span class='ocr_line' id='line_1_4' title="bbox 129 466 1414 530; baseline 0.003 -17"><span class='ocrx_word' id='word_1_25' title='bbox 129 483 210 513; x_wconf 87' lang='lat' dir='ltr'>nec</span> <span class='ocrx_word' id='word_1_26' title='bbox 229 466 412 512; x_wconf 87' lang='lat' dir='ltr'>modum</span> <span class='ocrx_word' id='word_1_27' title='bbox 434 478 621 512; x_wconf 83' lang='lat' dir='ltr'>noverat</span> <span class='ocrx_word' id='word_1_28' title='bbox 637 502 649 522; x_wconf 94' lang='lat'>‚</span> <span class='ocrx_word' id='word_1_29' title='bbox 672 466 871 512; x_wconf 86' lang='lat' dir='ltr'>Herculis</span> <span class='ocrx_word' id='word_1_30' title='bbox 893 467 1126 530; x_wconf 81' lang='lat' dir='ltr'>Liberique</span> <span class='ocrx_word' id='word_1_31' title='bbox 1149 468 1329 530; x_wconf 81' lang='lat' dir='ltr'>vestigia</span> <span class='ocrx_word' id='word_1_32' title='bbox 1345 468 1414 517; x_wconf 87' lang='lat' dir='ltr'>se-</span> 
     </span>
     <span class='ocr_line' id='line_1_5' title="bbox 129 538 1415 603; baseline 0.001 -17"><span class='ocrx_word' id='word_1_33' title='bbox 129 557 266 603; x_wconf 87' lang='lat' dir='ltr'>quens</span> <span class='ocrx_word' id='word_1_34' title='bbox 279 576 292 597; x_wconf 93' lang='lat'>,</span> <span class='ocrx_word' id='word_1_35' title='bbox 312 556 362 586; x_wconf 83' lang='lat' dir='ltr'>ac</span> <span class='ocrx_word' id='word_1_36' title='bbox 378 556 430 586; x_wconf 88' lang='lat' dir='ltr'>ne</span> <span class='ocrx_word' id='word_1_37' title='bbox 444 538 503 585; x_wconf 86' lang='lat' dir='ltr'>ibi</span> <span class='ocrx_word' id='word_1_38' title='bbox 523 539 704 601; x_wconf 84' lang='lat' dir='ltr'>quidem</span> <span class='ocrx_word' id='word_1_39' title='bbox 725 538 940 595; x_wconf 72' lang='lat' dir='ltr'>resistens,</span> <span class='ocrx_word' id='word_1_40' title='bbox 958 540 1031 585; x_wconf 87' lang='lat' dir='ltr'>ubi</span> <span class='ocrx_word' id='word_1_41' title='bbox 1051 540 1123 585; x_wconf 87' lang='lat' dir='ltr'>illa</span> <span class='ocrx_word' id='word_1_42' title='bbox 1141 540 1387 589; x_wconf 81' lang='lat' dir='ltr'>defecerant</span> <span class='ocrx_word' id='word_1_43' title='bbox 1399 578 1415 600; x_wconf 91' lang='lat'><em>‚</em></span> 
     </span>
     <span class='ocr_line' id='line_1_6' title="bbox 129 611 1415 678; baseline 0.003 -20"><span class='ocrx_word' id='word_1_44' title='bbox 129 615 184 659; x_wconf 88' lang='lat' dir='ltr'>ad</span> <span class='ocrx_word' id='word_1_45' title='bbox 214 613 380 659; x_wconf 89' lang='lat' dir='ltr'>socium</span> <span class='ocrx_word' id='word_1_46' title='bbox 404 611 586 658; x_wconf 85' lang='lat' dir='ltr'>honoris</span> <span class='ocrx_word' id='word_1_47' title='bbox 614 612 674 658; x_wconf 65' lang='lat' dir='ltr'>sui</span> <span class='ocrx_word' id='word_1_48' title='bbox 705 612 893 674; x_wconf 85' lang='lat' dir='ltr'><strong>respexit</strong></span> <span class='ocrx_word' id='word_1_49' title='bbox 916 629 941 658; x_wconf 86' lang='lat' dir='ltr'>a</span> <span class='ocrx_word' id='word_1_50' title='bbox 969 614 1188 660; x_wconf 85' lang='lat' dir='ltr'>dantibus:</span> <span class='ocrx_word' id='word_1_51' title='bbox 1209 626 1415 678; x_wconf 78' lang='lat' dir='ltr'>tanquam</span> 
     </span>
     <span class='ocr_line' id='line_1_7' title="bbox 128 684 1415 747; baseline 0.002 -15"><span class='ocrx_word' id='word_1_52' title='bbox 128 685 332 742; x_wconf 88' lang='lat' dir='ltr'>coelum,</span> <span class='ocrx_word' id='word_1_53' title='bbox 359 684 481 747; x_wconf 87' lang='lat' dir='ltr'>quod</span> <span class='ocrx_word' id='word_1_54' title='bbox 514 697 658 732; x_wconf 86' lang='lat' dir='ltr'>mente</span> <span class='ocrx_word' id='word_1_55' title='bbox 686 684 909 730; x_wconf 80' lang='lat' dir='ltr'>vaniffima</span> <span class='ocrx_word' id='word_1_56' title='bbox 931 686 1330 747; x_wconf 71' lang='lat' dir='ltr'>comple&amp;ebatur‚</span> <span class='ocrx_word' id='word_1_57' title='bbox 1351 701 1415 736; x_wconf 87' lang='lat' dir='ltr'>te-</span> 
     </span>
     <span class='ocr_line' id='line_1_8' title="bbox 128 757 1415 821; baseline 0.004 -18"><span class='ocrx_word' id='word_1_58' title='bbox 128 770 277 814; x_wconf 85' lang='lat' dir='ltr'>neret,</span> <span class='ocrx_word' id='word_1_59' title='bbox 296 758 396 821; x_wconf 88' lang='lat' dir='ltr'>quia</span> <span class='ocrx_word' id='word_1_60' title='bbox 416 758 594 803; x_wconf 77' lang='lat' dir='ltr'>Herculi</span> <span class='ocrx_word' id='word_1_61' title='bbox 614 757 894 820; x_wconf 74' lang='lat' dir='ltr'>aequabatur.</span> <span class='ocrx_word' id='word_1_62' title='bbox 923 759 1046 817; x_wconf 86' lang='lat' dir='ltr'>Quid</span> <span class='ocrx_word' id='word_1_63' title='bbox 1066 759 1182 804; x_wconf 87' lang='lat' dir='ltr'>enim</span> <span class='ocrx_word' id='word_1_64' title='bbox 1204 760 1261 805; x_wconf 91' lang='lat' dir='ltr'>illi</span> <span class='ocrx_word' id='word_1_65' title='bbox 1280 761 1415 809; x_wconf 84' lang='lat' dir='ltr'>fimile</span> 
     </span>
     <span class='ocr_line' id='line_1_9' title="bbox 127 828 1415 891; baseline 0.004 -16"><span class='ocrx_word' id='word_1_66' title='bbox 127 830 313 876; x_wconf 83' lang='lat' dir='ltr'>habebat</span> <span class='ocrx_word' id='word_1_67' title='bbox 344 828 553 876; x_wconf 80' lang='lat' dir='ltr'>vaesanus</span> <span class='ocrx_word' id='word_1_68' title='bbox 587 829 871 886; x_wconf 72' lang='lat' dir='ltr'>adolescens,</span> <span class='ocrx_word' id='word_1_69' title='bbox 905 830 975 875; x_wconf 90' lang='lat' dir='ltr'>cui</span> <span class='ocrx_word' id='word_1_70' title='bbox 1008 847 1091 891; x_wconf 85' lang='lat' dir='ltr'>pro</span> <span class='ocrx_word' id='word_1_71' title='bbox 1124 832 1288 878; x_wconf 88' lang='lat' dir='ltr'>virtute</span> <span class='ocrx_word' id='word_1_72' title='bbox 1324 846 1415 880; x_wconf 86' lang='lat' dir='ltr'>erat</span> 
     </span>
     <span class='ocr_line' id='line_1_10' title="bbox 128 900 1417 953; baseline 0.005 -6"><span class='ocrx_word' id='word_1_73' title='bbox 128 901 231 948; x_wconf 81' lang='lat' dir='ltr'>felix</span> <span class='ocrx_word' id='word_1_74' title='bbox 253 903 505 950; x_wconf 75' lang='lat' dir='ltr'>temeritas?</span> <span class='ocrx_word' id='word_1_75' title='bbox 529 903 740 947; x_wconf 73' lang='lat' dir='ltr'>Hercules</span> <span class='ocrx_word' id='word_1_76' title='bbox 771 901 876 946; x_wconf 80' lang='lat' dir='ltr'>nihil</span> <span class='ocrx_word' id='word_1_77' title='bbox 902 900 980 947; x_wconf 82' lang='lat' dir='ltr'>fibi</span> <span class='ocrx_word' id='word_1_78' title='bbox 1000 902 1133 949; x_wconf 86' lang='lat' dir='ltr'>vicit:</span> <span class='ocrx_word' id='word_1_79' title='bbox 1157 906 1313 951; x_wconf 85' lang='lat' dir='ltr'>orbem</span> <span class='ocrx_word' id='word_1_80' title='bbox 1331 921 1417 953; x_wconf 84' lang='lat' dir='ltr'>ter-</span> 
     </span>
     <span class='ocr_line' id='line_1_11' title="bbox 127 974 1415 1036; baseline 0.003 -15"><span class='ocrx_word' id='word_1_81' title='bbox 127 992 273 1021; x_wconf 85' lang='lat' dir='ltr'>rarum</span> <span class='ocrx_word' id='word_1_82' title='bbox 298 974 493 1021; x_wconf 76' lang='lat' dir='ltr'>tranfivit</span> <span class='ocrx_word' id='word_1_83' title='bbox 509 1011 522 1031; x_wconf 84' lang='lat'>,</span> <span class='ocrx_word' id='word_1_84' title='bbox 550 990 641 1019; x_wconf 89' lang='lat' dir='ltr'>non</span> <span class='ocrx_word' id='word_1_85' title='bbox 672 974 1027 1036; x_wconf 80' lang='lat' dir='ltr'>concupiscendo</span> <span class='ocrx_word' id='word_1_86' title='bbox 1043 1010 1056 1032; x_wconf 89' lang='lat'>,</span> <span class='ocrx_word' id='word_1_87' title='bbox 1086 975 1158 1022; x_wconf 88' lang='lat' dir='ltr'>sed</span> <span class='ocrx_word' id='word_1_88' title='bbox 1179 977 1415 1025; x_wconf 86' lang='lat' dir='ltr'>vindican-</span> 
     </span>
     <span class='ocr_line' id='line_1_12' title="bbox 131 1047 1414 1111; baseline 0.005 -18"><span class='ocrx_word' id='word_1_89' title='bbox 131 1049 202 1094; x_wconf 89' lang='lat' dir='ltr'>do.</span> <span class='ocrx_word' id='word_1_90' title='bbox 223 1048 345 1108; x_wconf 82' lang='lat' dir='ltr'>Quid</span> <span class='ocrx_word' id='word_1_91' title='bbox 363 1048 560 1095; x_wconf 89' lang='lat' dir='ltr'>vinceret</span> <span class='ocrx_word' id='word_1_92' title='bbox 573 1047 789 1094; x_wconf 87' lang='lat' dir='ltr'>malorum</span> <span class='ocrx_word' id='word_1_93' title='bbox 807 1048 962 1105; x_wconf 80' lang='lat' dir='ltr'>hostis,</span> <span class='ocrx_word' id='word_1_94' title='bbox 981 1049 1205 1096; x_wconf 85' lang='lat' dir='ltr'>bonorum</span> <span class='ocrx_word' id='word_1_95' title='bbox 1222 1052 1414 1111; x_wconf 85' lang='lat' dir='ltr'>vindex,</span> 
     </span>
     <span class='ocr_line' id='line_1_13' title="bbox 127 1122 1415 1187; baseline 0.005 -19"><span class='ocrx_word' id='word_1_96' title='bbox 127 1136 343 1169; x_wconf 86' lang='lat' dir='ltr'>terrarum</span> <span class='ocrx_word' id='word_1_97' title='bbox 369 1123 587 1185; x_wconf 80' lang='lat' dir='ltr'>marisque</span> <span class='ocrx_word' id='word_1_98' title='bbox 613 1122 825 1185; x_wconf 84' lang='lat' dir='ltr'>pacator?</span> <span class='ocrx_word' id='word_1_99' title='bbox 857 1128 911 1168; x_wconf 91' lang='lat' dir='ltr'>At</span> <span class='ocrx_word' id='word_1_100' title='bbox 937 1123 1007 1185; x_wconf 83' lang='lat' dir='ltr'>hic</span> <span class='ocrx_word' id='word_1_101' title='bbox 1027 1141 1050 1170; x_wconf 83' lang='lat' dir='ltr'>a</span> <span class='ocrx_word' id='word_1_102' title='bbox 1073 1126 1256 1187; x_wconf 84' lang='lat' dir='ltr'>pueritia</span> <span class='ocrx_word' id='word_1_103' title='bbox 1276 1128 1415 1185; x_wconf 87' lang='lat' dir='ltr'>latro,</span> 
     </span>
     <span class='ocr_line' id='line_1_14' title="bbox 130 1195 1416 1264; baseline 0.007 -23"><span class='ocrx_word' id='word_1_104' title='bbox 130 1196 417 1259; x_wconf 85' lang='lat' dir='ltr'>gentiumque</span> <span class='ocrx_word' id='word_1_105' title='bbox 439 1195 655 1251; x_wconf 79' lang='lat' dir='ltr'>vastator,</span> <span class='ocrx_word' id='word_1_106' title='bbox 686 1208 774 1242; x_wconf 88' lang='lat' dir='ltr'>tam</span> <span class='ocrx_word' id='word_1_107' title='bbox 796 1196 984 1243; x_wconf 87' lang='lat' dir='ltr'>hostium</span> <span class='ocrx_word' id='word_1_108' title='bbox 1013 1198 1252 1260; x_wconf 79' lang='lat' dir='ltr'>pernicies,</span> <span class='ocrx_word' id='word_1_109' title='bbox 1283 1218 1416 1264; x_wconf 87' lang='lat' dir='ltr'>quam</span> 
     </span>
     <span class='ocr_line' id='line_1_15' title="bbox 129 1268 1414 1331; baseline 0.005 -17"><span class='ocrx_word' id='word_1_110' title='bbox 129 1269 411 1324; x_wconf 82' lang='lat' dir='ltr'>amicorum,</span> <span class='ocrx_word' id='word_1_111' title='bbox 449 1268 526 1331; x_wconf 86' lang='lat' dir='ltr'>qui</span> <span class='ocrx_word' id='word_1_112' title='bbox 563 1268 781 1314; x_wconf 85' lang='lat' dir='ltr'>summum</span> <span class='ocrx_word' id='word_1_113' title='bbox 815 1269 981 1315; x_wconf 79' lang='lat' dir='ltr'>bonum</span> <span class='ocrx_word' id='word_1_114' title='bbox 1018 1271 1220 1330; x_wconf 83' lang='lat' dir='ltr'>duceret,</span> <span class='ocrx_word' id='word_1_115' title='bbox 1256 1276 1414 1322; x_wconf 87' lang='lat' dir='ltr'>terrori</span> 
     </span>
     <span class='ocr_line' id='line_1_16' title="bbox 127 1340 1415 1398; baseline 0.003 -11"><span class='ocrx_word' id='word_1_116' title='bbox 127 1341 211 1387; x_wconf 80' lang='lat' dir='ltr'>effe</span> <span class='ocrx_word' id='word_1_117' title='bbox 254 1341 420 1387; x_wconf 70' lang='lat' dir='ltr'>cunffis</span> <span class='ocrx_word' id='word_1_118' title='bbox 459 1340 751 1398; x_wconf 69' lang='lat' dir='ltr'>mortalibus,</span> <span class='ocrx_word' id='word_1_119' title='bbox 791 1342 983 1398; x_wconf 87' lang='lat' dir='ltr'>oblitus,</span> <span class='ocrx_word' id='word_1_120' title='bbox 1021 1358 1112 1388; x_wconf 89' lang='lat' dir='ltr'>non</span> <span class='ocrx_word' id='word_1_121' title='bbox 1150 1342 1415 1396; x_wconf 82' lang='lat' dir='ltr'>ferociffima</span> 
     </span>
     <span class='ocr_line' id='line_1_17' title="bbox 129 1413 1412 1477; baseline 0.004 -17"><span class='ocrx_word' id='word_1_122' title='bbox 129 1426 293 1460; x_wconf 83' lang='lat' dir='ltr'>tantum</span> <span class='ocrx_word' id='word_1_123' title='bbox 310 1443 325 1468; x_wconf 84' lang='lat'>,</span> <span class='ocrx_word' id='word_1_124' title='bbox 347 1413 418 1460; x_wconf 86' lang='lat' dir='ltr'>sed</span> <span class='ocrx_word' id='word_1_125' title='bbox 439 1414 709 1477; x_wconf 82' lang='lat' dir='ltr'>ignaviflima</span> <span class='ocrx_word' id='word_1_126' title='bbox 728 1429 907 1477; x_wconf 85' lang='lat' dir='ltr'>quoque</span> <span class='ocrx_word' id='word_1_127' title='bbox 931 1415 1132 1462; x_wconf 84' lang='lat' dir='ltr'>animalia</span> <span class='ocrx_word' id='word_1_128' title='bbox 1156 1416 1329 1476; x_wconf 85' lang='lat' dir='ltr'>timeri,</span> <span class='ocrx_word' id='word_1_129' title='bbox 1350 1418 1412 1465; x_wconf 85' lang='lat' dir='ltr'>ob</span> 
     </span>
     <span class='ocr_line' id='line_1_18' title="bbox 127 1486 452 1533; baseline 0 0"><span class='ocrx_word' id='word_1_130' title='bbox 127 1486 247 1533; x_wconf 79' lang='lat' dir='ltr'>virus</span> <span class='ocrx_word' id='word_1_131' title='bbox 274 1487 452 1533; x_wconf 87' lang='lat' dir='ltr'>malum.</span> 
     </span>
    </p>

    <p class='ocr_par' dir='ltr' id='par_1_3' title="bbox 107 1557 1413 2571">
     <span class='ocr_line' id='line_1_19' title="bbox 192 1557 1413 1621; baseline 0.002 -15"><span class='ocrx_word' id='word_1_132' title='bbox 192 1561 317 1606; x_wconf 90' lang='lat' dir='ltr'>XlV.</span> <span class='ocrx_word' id='word_1_133' title='bbox 357 1560 423 1604; x_wconf 87' lang='lat' dir='ltr'>Ad</span> <span class='ocrx_word' id='word_1_134' title='bbox 463 1557 739 1621; x_wconf 66' lang='lat' dir='ltr'>propositum</span> <span class='ocrx_word' id='word_1_135' title='bbox 774 1575 888 1606; x_wconf 88' lang='lat' dir='ltr'>nunc</span> <span class='ocrx_word' id='word_1_136' title='bbox 923 1571 1210 1608; x_wconf 84' lang='lat' dir='ltr'>revertamur.</span> <span class='ocrx_word' id='word_1_137' title='bbox 1243 1561 1413 1609; x_wconf 86' lang='lat' dir='ltr'>Benefi-</span> 
     </span>
     <span class='ocr_line' id='line_1_20' title="bbox 128 1632 1413 1696; baseline 0.004 -18"><span class='ocrx_word' id='word_1_138' title='bbox 128 1633 243 1679; x_wconf 90' lang='lat' dir='ltr'>cium</span> <span class='ocrx_word' id='word_1_139' title='bbox 274 1634 397 1694; x_wconf 89' lang='lat' dir='ltr'>quod</span> <span class='ocrx_word' id='word_1_140' title='bbox 421 1632 685 1696; x_wconf 74' lang='lat' dir='ltr'>quibuslibet</span> <span class='ocrx_word' id='word_1_141' title='bbox 712 1634 865 1689; x_wconf 79' lang='lat' dir='ltr'>datur,</span> <span class='ocrx_word' id='word_1_142' title='bbox 888 1632 991 1678; x_wconf 81' lang='lat' dir='ltr'>nulli</span> <span class='ocrx_word' id='word_1_143' title='bbox 1019 1646 1186 1696; x_wconf 83' lang='lat' dir='ltr'>gratum</span> <span class='ocrx_word' id='word_1_144' title='bbox 1215 1635 1288 1683; x_wconf 84' lang='lat' dir='ltr'>est.</span> <span class='ocrx_word' id='word_1_145' title='bbox 1321 1638 1413 1683; x_wconf 88' lang='lat' dir='ltr'>Ne-</span> 
     </span>
     <span class='ocr_line' id='line_1_21' title="bbox 129 1705 1411 1766; baseline 0.002 -15"><span class='ocrx_word' id='word_1_146' title='bbox 129 1723 206 1751; x_wconf 87' lang='lat' dir='ltr'>mo</span> <span class='ocrx_word' id='word_1_147' title='bbox 238 1706 278 1751; x_wconf 90' lang='lat' dir='ltr'>se</span> <span class='ocrx_word' id='word_1_148' title='bbox 306 1705 520 1751; x_wconf 83' lang='lat' dir='ltr'>stabularii</span> <span class='ocrx_word' id='word_1_149' title='bbox 549 1721 623 1751; x_wconf 84' lang='lat' dir='ltr'>aut</span> <span class='ocrx_word' id='word_1_150' title='bbox 644 1705 855 1766; x_wconf 77' lang='lat' dir='ltr'>cauponis</span> <span class='ocrx_word' id='word_1_151' title='bbox 884 1705 1096 1766; x_wconf 79' lang='lat' dir='ltr'>hospitem</span> <span class='ocrx_word' id='word_1_152' title='bbox 1119 1706 1300 1764; x_wconf 82' lang='lat' dir='ltr'>iudicat,</span> <span class='ocrx_word' id='word_1_153' title='bbox 1329 1725 1411 1757; x_wconf 90' lang='lat' dir='ltr'>nec</span> 
     </span>
     <span class='ocr_line' id='line_1_22' title="bbox 129 1779 1411 1841; baseline 0.001 -13"><span class='ocrx_word' id='word_1_154' title='bbox 129 1782 369 1829; x_wconf 82' lang='lat' dir='ltr'>convivam</span> <span class='ocrx_word' id='word_1_155' title='bbox 391 1780 530 1826; x_wconf 78' lang='lat' dir='ltr'>dantis</span> <span class='ocrx_word' id='word_1_156' title='bbox 550 1781 745 1840; x_wconf 82' lang='lat' dir='ltr'>epulum,</span> <span class='ocrx_word' id='word_1_157' title='bbox 768 1779 841 1825; x_wconf 90' lang='lat' dir='ltr'>ubi</span> <span class='ocrx_word' id='word_1_158' title='bbox 861 1779 945 1825; x_wconf 85' lang='lat' dir='ltr'>dici</span> <span class='ocrx_word' id='word_1_159' title='bbox 965 1779 1132 1841; x_wconf 87' lang='lat' dir='ltr'>potest:</span> <span class='ocrx_word' id='word_1_160' title='bbox 1152 1782 1276 1840; x_wconf 83' lang='lat' dir='ltr'>Quid</span> <span class='ocrx_word' id='word_1_161' title='bbox 1293 1782 1411 1830; x_wconf 89' lang='lat' dir='ltr'>enim</span> 
     </span>
     <span class='ocr_line' id='line_1_23' title="bbox 127 1852 1410 1915; baseline 0.003 -16"><span class='ocrx_word' id='word_1_162' title='bbox 127 1853 173 1899; x_wconf 86' lang='lat' dir='ltr'>in</span> <span class='ocrx_word' id='word_1_163' title='bbox 204 1870 274 1900; x_wconf 84' lang='lat' dir='ltr'>me</span> <span class='ocrx_word' id='word_1_164' title='bbox 299 1854 518 1901; x_wconf 81' lang='lat' dir='ltr'>contulit?</span> <span class='ocrx_word' id='word_1_165' title='bbox 552 1854 724 1915; x_wconf 85' lang='lat' dir='ltr'>Nempe</span> <span class='ocrx_word' id='word_1_166' title='bbox 743 1853 831 1899; x_wconf 89' lang='lat' dir='ltr'>hoc</span> <span class='ocrx_word' id='word_1_167' title='bbox 860 1853 983 1915; x_wconf 87' lang='lat' dir='ltr'>quod</span> <span class='ocrx_word' id='word_1_168' title='bbox 1011 1852 1057 1898; x_wconf 86' lang='lat' dir='ltr'>in</span> <span class='ocrx_word' id='word_1_169' title='bbox 1083 1852 1234 1912; x_wconf 87' lang='lat' dir='ltr'>illum,</span> <span class='ocrx_word' id='word_1_170' title='bbox 1267 1870 1311 1902; x_wconf 92' lang='lat' dir='ltr'>et</span> <span class='ocrx_word' id='word_1_171' title='bbox 1331 1858 1410 1903; x_wconf 84' lang='lat' dir='ltr'>vix</span> 
     </span>
     <span class='ocr_line' id='line_1_24' title="bbox 128 1925 1412 1983; baseline 0.003 -12"><span class='ocrx_word' id='word_1_172' title='bbox 128 1926 240 1971; x_wconf 86' lang='lat' dir='ltr'>bene</span> <span class='ocrx_word' id='word_1_173' title='bbox 260 1940 413 1972; x_wconf 89' lang='lat' dir='ltr'>notum</span> <span class='ocrx_word' id='word_1_174' title='bbox 435 1926 511 1972; x_wconf 80' lang='lat' dir='ltr'>fibi</span> <span class='ocrx_word' id='word_1_175' title='bbox 528 1962 539 1983; x_wconf 84' lang='lat'>,</span> <span class='ocrx_word' id='word_1_176' title='bbox 570 1939 613 1971; x_wconf 91' lang='lat' dir='ltr'>et</span> <span class='ocrx_word' id='word_1_177' title='bbox 634 1925 677 1970; x_wconf 91' lang='lat' dir='ltr'>in</span> <span class='ocrx_word' id='word_1_178' title='bbox 698 1925 815 1971; x_wconf 86' lang='lat' dir='ltr'>illum</span> <span class='ocrx_word' id='word_1_179' title='bbox 842 1925 971 1971; x_wconf 87' lang='lat' dir='ltr'>etiam</span> <span class='ocrx_word' id='word_1_180' title='bbox 991 1925 1216 1973; x_wconf 87' lang='lat' dir='ltr'>inimicum</span> <span class='ocrx_word' id='word_1_181' title='bbox 1240 1944 1289 1975; x_wconf 89' lang='lat' dir='ltr'>ac</span> <span class='ocrx_word' id='word_1_182' title='bbox 1316 1943 1412 1974; x_wconf 87' lang='lat' dir='ltr'>tur-</span> 
     </span>
     <span class='ocr_line' id='line_1_25' title="bbox 128 1997 1412 2061; baseline 0.002 -18"><span class='ocrx_word' id='word_1_183' title='bbox 128 1998 347 2060; x_wconf 84' lang='lat' dir='ltr'>piffimum</span> <span class='ocrx_word' id='word_1_184' title='bbox 369 1998 609 2045; x_wconf 87' lang='lat' dir='ltr'>hominem.</span> <span class='ocrx_word' id='word_1_185' title='bbox 641 1998 871 2060; x_wconf 88' lang='lat' dir='ltr'>Numquid</span> <span class='ocrx_word' id='word_1_186' title='bbox 897 1997 1012 2043; x_wconf 90' lang='lat' dir='ltr'>enim</span> <span class='ocrx_word' id='word_1_187' title='bbox 1034 2014 1104 2043; x_wconf 88' lang='lat' dir='ltr'>me</span> <span class='ocrx_word' id='word_1_188' title='bbox 1134 1999 1314 2061; x_wconf 83' lang='lat' dir='ltr'>dignum</span> <span class='ocrx_word' id='word_1_189' title='bbox 1341 2001 1412 2046; x_wconf 86' lang='lat' dir='ltr'>iu-</span> 
     </span>
     <span class='ocr_line' id='line_1_26' title="bbox 128 2064 1410 2134; baseline 0.003 -18"><span class='ocrx_word' id='word_1_190' title='bbox 128 2064 326 2119; x_wconf 80' lang='lat' dir='ltr'>dicavit?</span> <span class='ocrx_word' id='word_1_191' title='bbox 358 2073 539 2118; x_wconf 86' lang='lat' dir='ltr'>minime</span> <span class='ocrx_word' id='word_1_192' title='bbox 566 2089 577 2118; x_wconf 91' lang='lat'>:</span> <span class='ocrx_word' id='word_1_193' title='bbox 608 2072 770 2118; x_wconf 87' lang='lat' dir='ltr'>morbo</span> <span class='ocrx_word' id='word_1_194' title='bbox 799 2072 877 2117; x_wconf 90' lang='lat' dir='ltr'>suo</span> <span class='ocrx_word' id='word_1_195' title='bbox 908 2088 1078 2117; x_wconf 88' lang='lat' dir='ltr'>morem</span> <span class='ocrx_word' id='word_1_196' title='bbox 1107 2072 1239 2134; x_wconf 84' lang='lat' dir='ltr'>geffit.</span> <span class='ocrx_word' id='word_1_197' title='bbox 1272 2074 1410 2134; x_wconf 85' lang='lat' dir='ltr'>Quod</span> 
     </span>
     <span class='ocr_line' id='line_1_27' title="bbox 129 2144 1411 2207; baseline 0.001 -16"><span class='ocrx_word' id='word_1_198' title='bbox 129 2145 253 2191; x_wconf 85' lang='lat' dir='ltr'>voles</span> <span class='ocrx_word' id='word_1_199' title='bbox 273 2158 442 2207; x_wconf 83' lang='lat' dir='ltr'>gratum</span> <span class='ocrx_word' id='word_1_200' title='bbox 463 2145 549 2191; x_wconf 81' lang='lat' dir='ltr'>effe</span> <span class='ocrx_word' id='word_1_201' title='bbox 562 2181 574 2202; x_wconf 90' lang='lat'>‚</span> <span class='ocrx_word' id='word_1_202' title='bbox 595 2162 740 2192; x_wconf 87' lang='lat' dir='ltr'>rarum</span> <span class='ocrx_word' id='word_1_203' title='bbox 760 2144 896 2191; x_wconf 88' lang='lat' dir='ltr'>effice.</span> <span class='ocrx_word' id='word_1_204' title='bbox 928 2145 1024 2207; x_wconf 86' lang='lat' dir='ltr'>quis</span> <span class='ocrx_word' id='word_1_205' title='bbox 1053 2146 1212 2207; x_wconf 88' lang='lat' dir='ltr'>patitur</span> <span class='ocrx_word' id='word_1_206' title='bbox 1231 2144 1306 2191; x_wconf 83' lang='lat' dir='ltr'>fibi</span> <span class='ocrx_word' id='word_1_207' title='bbox 1326 2145 1411 2192; x_wconf 84' lang='lat' dir='ltr'>im-</span> 
     </span>
     <span class='ocr_line' id='line_1_28' title="bbox 129 2216 1410 2279; baseline 0 -18"><span class='ocrx_word' id='word_1_208' title='bbox 129 2217 269 2278; x_wconf 85' lang='lat' dir='ltr'>putari</span> <span class='ocrx_word' id='word_1_209' title='bbox 295 2216 520 2279; x_wconf 85' lang='lat' dir='ltr'>vulgaria?</span> <span class='ocrx_word' id='word_1_210' title='bbox 548 2219 696 2264; x_wconf 90' lang='lat' dir='ltr'>Nemo</span> <span class='ocrx_word' id='word_1_211' title='bbox 728 2217 835 2262; x_wconf 90' lang='lat' dir='ltr'>haec</span> <span class='ocrx_word' id='word_1_212' title='bbox 867 2216 925 2262; x_wconf 86' lang='lat' dir='ltr'>ita</span> <span class='ocrx_word' id='word_1_213' title='bbox 955 2216 1285 2279; x_wconf 82' lang='lat' dir='ltr'>interpretetur,</span> <span class='ocrx_word' id='word_1_214' title='bbox 1316 2232 1410 2263; x_wconf 86' lang='lat' dir='ltr'>tan-</span> 
     </span>
     <span class='ocr_line' id='line_1_29' title="bbox 127 2288 1410 2352; baseline 0.003 -19"><span class='ocrx_word' id='word_1_215' title='bbox 127 2307 261 2352; x_wconf 83' lang='lat' dir='ltr'>quam</span> <span class='ocrx_word' id='word_1_216' title='bbox 289 2291 494 2336; x_wconf 85' lang='lat' dir='ltr'>reducam</span> <span class='ocrx_word' id='word_1_217' title='bbox 532 2290 860 2346; x_wconf 80' lang='lat' dir='ltr'>liberalitatem,</span> <span class='ocrx_word' id='word_1_218' title='bbox 891 2301 933 2335; x_wconf 91' lang='lat' dir='ltr'>et</span> <span class='ocrx_word' id='word_1_219' title='bbox 964 2288 1121 2336; x_wconf 80' lang='lat' dir='ltr'>fraenis</span> <span class='ocrx_word' id='word_1_220' title='bbox 1153 2289 1410 2337; x_wconf 63' lang='lat' dir='ltr'>maioribus</span> 
     </span>
     <span class='ocr_line' id='line_1_30' title="bbox 128 2362 1409 2425; baseline -0.001 -17"><span class='ocrx_word' id='word_1_221' title='bbox 128 2362 379 2424; x_wconf 88' lang='lat' dir='ltr'>reprimam.</span> <span class='ocrx_word' id='word_1_222' title='bbox 409 2363 481 2408; x_wconf 86' lang='lat' dir='ltr'>Illa</span> <span class='ocrx_word' id='word_1_223' title='bbox 508 2380 646 2417; x_wconf 88' lang='lat' dir='ltr'>vero,</span> <span class='ocrx_word' id='word_1_224' title='bbox 678 2363 721 2407; x_wconf 88' lang='lat' dir='ltr'>in</span> <span class='ocrx_word' id='word_1_225' title='bbox 751 2374 960 2425; x_wconf 85' lang='lat' dir='ltr'>quantum</span> <span class='ocrx_word' id='word_1_226' title='bbox 995 2362 1126 2418; x_wconf 86' lang='lat' dir='ltr'>libet,</span> <span class='ocrx_word' id='word_1_227' title='bbox 1158 2376 1312 2407; x_wconf 87' lang='lat' dir='ltr'>exeat:</span> <span class='ocrx_word' id='word_1_228' title='bbox 1340 2362 1409 2408; x_wconf 75' lang='lat' dir='ltr'>sed</span> 
     </span>
     <span class='ocr_line' id='line_1_31' title="bbox 107 2433 1413 2497; baseline -0.001 -17"><span class='ocrx_word' id='word_1_229' title='bbox 107 2448 225 2492; x_wconf 73' lang='lat' dir='ltr'>eat,</span> <span class='ocrx_word' id='word_1_230' title='bbox 261 2451 352 2480; x_wconf 78' lang='lat' dir='ltr'>non</span> <span class='ocrx_word' id='word_1_231' title='bbox 386 2448 513 2482; x_wconf 85' lang='lat' dir='ltr'>erret.</span> <span class='ocrx_word' id='word_1_232' title='bbox 547 2436 670 2481; x_wconf 83' lang='lat' dir='ltr'>Licet</span> <span class='ocrx_word' id='word_1_233' title='bbox 702 2436 760 2480; x_wconf 88' lang='lat' dir='ltr'>ita</span> <span class='ocrx_word' id='word_1_234' title='bbox 795 2433 971 2497; x_wconf 85' lang='lat' dir='ltr'>largiri,</span> <span class='ocrx_word' id='word_1_235' title='bbox 1006 2449 1053 2480; x_wconf 90' lang='lat' dir='ltr'>ut</span> <span class='ocrx_word' id='word_1_236' title='bbox 1087 2435 1413 2497; x_wconf 79' lang='lat' dir='ltr'>unusquisque,</span> 
     </span>
     <span class='ocr_line' id='line_1_32' title="bbox 129 2507 1411 2571; baseline 0.001 -18"><span class='ocrx_word' id='word_1_237' title='bbox 129 2507 259 2556; x_wconf 86' lang='lat' dir='ltr'>etiam</span> <span class='ocrx_word' id='word_1_238' title='bbox 288 2508 320 2555; x_wconf 76' lang='lat' dir='ltr'>si</span> <span class='ocrx_word' id='word_1_239' title='bbox 342 2525 442 2557; x_wconf 87' lang='lat' dir='ltr'>cum</span> <span class='ocrx_word' id='word_1_240' title='bbox 465 2509 616 2556; x_wconf 83' lang='lat' dir='ltr'>multis</span> <span class='ocrx_word' id='word_1_241' title='bbox 649 2507 846 2571; x_wconf 87' lang='lat' dir='ltr'>accepit,</span> <span class='ocrx_word' id='word_1_242' title='bbox 878 2508 925 2553; x_wconf 86' lang='lat' dir='ltr'>in</span> <span class='ocrx_word' id='word_1_243' title='bbox 946 2507 1115 2569; x_wconf 89' lang='lat' dir='ltr'>populo</span> <span class='ocrx_word' id='word_1_244' title='bbox 1145 2507 1188 2555; x_wconf 83' lang='lat' dir='ltr'>se</span> <span class='ocrx_word' id='word_1_245' title='bbox 1216 2507 1302 2555; x_wconf 82' lang='lat' dir='ltr'>effe</span> <span class='ocrx_word' id='word_1_246' title='bbox 1321 2524 1411 2554; x_wconf 80' lang='lat' dir='ltr'>non</span> 
     </span>
    </p>
   </div>
  </div>
 </body>
</html>
