1742 2967
325 190 420 241 '168
553 190 604 238 L.
655 189 961 240 ANNAEI
1017 186 1379 237 SENECAE

324 312 369 346 te
395 297 455 344 illi
487 297 624 346 fuisse.
658 301 720 347 Ita
748 297 809 345 est
837 315 848 345 :
881 295 1124 346 cariffimos
1152 312 1233 343 nos
1261 296 1508 343 habuerunt
1537 294 1599 344 dii

324 370 622 430 immortales,
652 372 914 433 habentque.
946 372 1000 416 Et
1024 368 1101 431 qui
1127 368 1342 415 maximus
1369 367 1498 414 tribui
1516 368 1600 416 ho-

323 458 410 489 nos
426 442 597 505 potuit,
613 443 666 489 ab
685 442 785 504 ipfis
807 439 1039 505 proximos
1062 439 1409 489 collocaverunt.
1437 443 1600 506 Magna

322 517 571 579 accepimus
587 552 598 574 ‚
622 516 790 563 maiora
816 531 905 560 non
938 513 1147 577 cepimus.

386 589 545 637 XXX.
575 590 722 646 Haec,
747 588 805 633 mi
832 587 1063 646 Liberalis,
1093 584 1325 633 neceffaria
1343 585 1533 642 credidi,
1553 600 1601 636 ut

322 660 542 718 dicerem,
563 673 605 708 et
628 662 728 725 quia
753 660 1023 724 loquendum
1048 659 1212 723 aliquid
1244 659 1299 706 de
1324 661 1490 724 magnis
1518 662 1599 707 be-

323 733 489 782 neficiis
518 750 635 792 erat,
661 750 761 781 cum
785 733 838 780 de
867 732 1044 779 minutis
1070 731 1355 794 loqueremur
1383 749 1394 777 ε
1424 745 1468 780 et
1496 732 1598 796 quia

319 808 424 857 inde
455 822 599 857 manat
627 810 758 857 etiam
787 809 831 856 in
861 822 1028 864 cetera,
1062 807 1191 853 huius
1217 806 1472 854 detestabilis
1499 807 1599 855 vitii

321 884 516 931 audacia.
553 884 638 930 Cui
668 883 784 929 enim
814 880 1094 945 respondebit
1125 891 1264 943 grate,
1291 881 1412 944 quod
1440 898 1599 930 munus

318 954 579 1002 existimabit
601 967 673 1001 aut
698 969 931 1018 magnum,
962 964 1033 998 aut
1054 951 1356 1009 reddendum,
1383 953 1458 1015 qui
1487 952 1598 1000 sum-

319 1045 391 1075 ma
421 1027 632 1076 beneficia
658 1026 848 1090 spernit?
877 1026 962 1072 Cui
987 1026 1188 1084 salutem,
1209 1026 1280 1072 cui
1303 1026 1500 1089 spiritum
1520 1028 1597 1075 de-

318 1101 456 1159 bebit,
474 1102 549 1165 qui
571 1101 708 1148 vitam
727 1099 934 1163 accepisse
954 1100 995 1147 se
1014 1116 1038 1147 a
1058 1100 1141 1147 diis
1170 1112 1310 1164 negat,
1335 1118 1464 1163 quam
1484 1119 1598 1167 quo·

317 1173 426 1221 tidie
448 1175 502 1220 ab
521 1173 602 1220 illis
627 1173 772 1235 petit?
805 1173 1074 1237 Quicunque
1094 1190 1203 1237 ergo
1232 1187 1381 1238 gratos
1405 1176 1488 1224 effe
1512 1178 1596 1225 do-

316 1261 409 1305 cet,
438 1261 480 1294 et
508 1247 739 1294 hominum
763 1246 932 1293 causam
964 1246 1080 1310 agit,
1108 1258 1152 1293 et
1179 1247 1364 1294 deorum
1393 1266 1404 1296 :
1434 1250 1594 1314 quibus

314 1320 470 1369 nullius
486 1320 548 1367 rei
572 1319 865 1383 indigentibus
879 1355 893 1378 ‚
912 1319 1060 1383 positis
1085 1331 1207 1366 extra
1230 1320 1487 1368 desiderium
1501 1357 1513 1377 ,
1534 1339 1594 1370 re·

312 1390 431 1437 ferre
458 1391 741 1438 nihilominus
765 1390 944 1453 gratiam
969 1390 1210 1453 poffumus.
1239 1393 1344 1438 Non
1365 1392 1451 1447 est,
1471 1394 1594 1456 quod

311 1465 541 1528 quisquam
569 1464 893 1512 excusationem
919 1463 1075 1524 mentis
1101 1463 1292 1526 ingratae
1317 1465 1372 1511 ab
1403 1464 1594 1514 infirmi-

310 1549 398 1584 tate
420 1552 552 1601 atque
568 1537 717 1600 inopia
734 1549 876 1599 petat,
893 1549 936 1584 et
957 1537 1097 1585 dicat:
1130 1538 1251 1598 Quid
1275 1538 1392 1585 enim
1411 1534 1590 1597 faciani,

308 1622 353 1656 et
371 1611 603 1673 quomodo
621 1612 639 1659 ?
664 1611 839 1675 quando
866 1610 1187 1672 superioribus,
1218 1611 1498 1677 dominisque
1515 1630 1591 1662 re-

308 1699 408 1730 rum
435 1685 635 1732 omnium
654 1685 836 1749 gratiam
855 1683 1067 1730 referam?
1096 1683 1279 1732 Referre
1297 1684 1426 1734 facile
1444 1686 1504 1734 est
1520 1720 1534 1743 ,
1558 1687 1590 1735 fi

309 1774 466 1807 avarus
487 1777 548 1818 es,
566 1760 654 1806 fine
673 1758 902 1822 impendio
916 1776 927 1804 ε
941 1757 970 1803 fi
990 1757 1121 1816 iners,
1141 1759 1231 1806 fine
1249 1776 1398 1822 opera.
1420 1763 1589 1811 Eodem

306 1830 485 1892 quidem
504 1845 760 1890 momento,
780 1848 872 1895 quo
888 1831 1105 1895 obligatus
1123 1848 1182 1888 es,
1201 1831 1233 1877 fi
1251 1833 1337 1889 vis,
1356 1850 1457 1881 cum
1476 1852 1589 1897 quo·

304 1901 414 1949 libet
443 1903 560 1963 paria
586 1903 755 1950 fecisti:
777 1902 991 1966 quoniam
1016 1902 1095 1966 qui
1115 1902 1300 1951 libenter
1324 1905 1586 1957 beneficium

302 1975 472 2033 accepit
485 2010 498 2031 ‚
515 1975 720 2023 reddidit.

367 2047 546 2094 XXXI.
582 2048 683 2093 Hoc
712 2064 767 2094 ex
791 2045 1025 2109 paradoxis
1049 2045 1220 2095 Stoicae
1246 2046 1379 2094 seElae
1404 2047 1586 2098 minime

299 2118 528 2177 mirabile,
554 2133 603 2168 ut
632 2138 730 2168 mea
770 2120 855 2167 fert
889 2120 1072 2181 opinio,
1102 2132 1174 2167 aut
1201 2121 1458 2170 incredibile
1485 2124 1549 2170 est
1566 2160 1584 2182 ‚

298 2207 401 2239 eum
421 2193 495 2257 qui
514 2193 697 2241 libenter
714 2194 873 2257 accipit
889 2192 1149 2242 beneficium
1161 2229 1175 2252 ,
1195 2194 1446 2242 reddidiffe.
1463 2197 1581 2244 Nam

298 2280 397 2310 cum
426 2265 575 2312 omnia
610 2268 665 2312 ad
702 2267 896 2313 animum
923 2265 1192 2324 referamus,
1227 2267 1332 2314 fecit
1367 2268 1581 2331 quisque,

297 2351 506 2399 quantum
537 2338 695 2386 voluit.
720 2351 763 2387 et
789 2357 889 2386 cum
920 2339 1081 2403 pietas,
1104 2339 1238 2397 fides,
1265 2339 1451 2398 iustitia,
1481 2358 1579 2387 om-

293 2409 361 2456 nis
391 2411 580 2475 denique
612 2412 751 2460 virtus
776 2414 885 2460 intra
914 2414 956 2462 se
986 2413 1181 2477 perfe&a
1208 2413 1286 2469 fit;
1318 2413 1483 2461 etiamsi
1513 2414 1577 2463 illi

292 2498 473 2532 manum
490 2486 686 2535 exserere
704 2503 796 2535 non
811 2486 935 2536 licuit
948 2523 963 2546 ‚
982 2501 1126 2553 gratus
1145 2504 1324 2553 quoque
1340 2485 1489 2552 potest
1506 2486 1572 2535 es-
