1742 2967
373 173 474 227 DE
516 175 949 225 BREv1TATE
999 175 1252 224 νιΤᾸΕ.
1387 189 1443 241 53

181 284 227 333 in
244 283 522 333 arfflffimum
550 283 845 333 contrahetur.
871 281 951 331 Ista
970 281 1077 331 vitia
1094 283 1257 330 nullum
1276 299 1366 329 non
1384 282 1449 331 se-

176 358 324 407 culum
343 358 619 408 devorabunt
637 377 648 406 2
666 359 754 406 hoc
771 374 882 406 vero
901 357 1107 419 spatium,
1127 357 1250 419 quod
1264 390 1278 413 ,
1294 373 1448 420 quam=

175 431 244 480 vis
256 447 407 480 natura
419 431 553 481 currit
565 467 580 491 ‚
593 431 706 479 ratio
716 430 881 490 dilatat,
892 430 984 479 cito
997 446 1081 478 vos
1093 428 1267 493 effugiat
1280 430 1448 476 necesse

176 505 250 559 est.
270 509 377 554 Non
395 506 515 554 enim
541 505 892 570 apprehenditis,
919 521 999 551 nec
1018 503 1211 553 retinetis
1225 536 1239 559 ,
1268 520 1350 552 nec
1366 522 1448 552 ve-

174 577 408 626 lociffimae
438 577 639 626 omnium
670 577 733 625 rei
761 592 931 625 moram
966 574 1134 633 facitis,
1157 573 1231 622 sed
1260 575 1376 622 abire
1398 587 1447 622 ut

175 668 269 699 rem
302 652 613 716 supervacuam
639 668 689 700 ac
726 650 1010 715 reparabilem
1039 649 1183 698 finitis.
1215 653 1264 697 In
1297 650 1450 714 primis

175 739 320 771 autem
337 736 380 772 et
398 724 496 772 illos
515 740 699 772 numero
712 759 727 781 ,
745 723 821 788 qui
842 723 948 771 nulli
967 723 1060 782 rei,
1091 723 1168 770 nisi
1188 724 1296 772 vino
1316 741 1366 771 ac
1391 723 1448 770 liw-

171 796 314 844 bidini
330 811 501 846 vacant.
541 798 649 845 nulli
682 799 799 846 enim
826 797 995 861 turpius
1013 796 1217 860 occupati
1238 795 1357 844 sunt?
1375 812 1449 843 ce·-

173 868 275 926 teri‚
289 868 452 917 etiamfi
468 886 580 919 vana
594 871 758 934 gloriae
775 870 959 933 imagine
979 882 1229 925 teneantur,
1256 867 1447 930 speciose

172 950 319 986 tamen
335 952 494 987 errant.
519 939 640 987 Licet
656 955 812 988 avaros
837 937 972 993 mihi,
998 937 1099 985 licet
1116 937 1188 984 vel
1213 937 1448 983 iracundos

171 1026 400 1059 enumeres
413 1046 427 1069 ,
442 1012 515 1060 vel
534 1012 638 1060 odia
649 1026 903 1059 exercentes
917 1009 1068 1057 iniusta
1080 1042 1094 1066 ,
1109 1009 1180 1057 vel
1198 1009 1307 1056 belia
1323 1026 1333 1055 :
1347 1025 1449 1055 om·-

171 1100 246 1132 nes
264 1083 332 1132 isti
351 1085 522 1133 virilius
537 1097 733 1149 peccant„
752 1085 798 1132 in
818 1096 1018 1131 ventrem
1035 1100 1085 1130 ac
1102 1081 1329 1130 libidinem
1344 1098 1446 1146 pro-

172 1153 387 1202 ieElorum
401 1155 629 1203 inhonesta
644 1156 758 1203 labes
774 1154 848 1202 est.
865 1155 1032 1202 Omnia
1049 1154 1230 1202 istorum
1249 1166 1447 1216 tempora

168 1240 352 1275 excute:
371 1228 543 1292 adspice
567 1229 778 1292 quamdiu
801 1240 1083 1291 computent,
1109 1226 1318 1290 quamdiu
1340 1225 1443 1272 infi-

166 1300 363 1360 dientur,
380 1301 590 1366 quamdiu
608 1301 808 1360 timeant,
825 1302 1034 1364 quamdiu
1050 1300 1220 1353 colant,
1235 1298 1444 1359 quamdiu

165 1372 366 1419 colantur
380 1408 399 1430 ,
419 1386 631 1437 quantum
649 1371 904 1422 vadimonia
919 1370 991 1417 sua
1006 1381 1137 1432 atque
1154 1367 1292 1414 aliena
1309 1382 1444 1426 occu·

165 1459 298 1507 pent,
320 1456 530 1508 quantum
556 1442 768 1492 convivia
783 1478 796 1501 ,
818 1458 927 1504 quae
946 1442 1033 1488 iam
1052 1440 1140 1504 ipsa
1159 1439 1305 1487 officia
1322 1427 1444 1495 sunu

166 1514 364 1574 videbis,
395 1514 773 1579 quemadmodum
810 1511 906 1559 illos
935 1510 1143 1590 respirare
1177 1525 1278 1557 non
1305 1510 1443 1557 sinant

128 1626 132 1629 Α
168 1585 240 1631 vel
265 1586 376 1633 mala
398 1587 497 1645 sua,
523 1585 598 1635 vel
623 1585 753 1632 bona.
781 1583 994 1663 Denique.
1008 1582 1121 1629 inter
1146 1598 1302 1629 omnes
1331 1598 1441 1630 con-

166 1657 319 1717 venit,
355 1659 517 1706 nullam
542 1676 642 1706 rem
666 1660 776 1705 bene
801 1656 997 1704 exerceri
1019 1655 1143 1719 poffe
1170 1655 1224 1702 ab
1259 1655 1441 1703 homine

166 1742 423 1794 occupato:
454 1748 545 1778 non
564 1729 887 1792 eloquentiam,
918 1744 1010 1775 non
1037 1728 1232 1775 liberales
1251 1726 1440 1808 discipli-

166 1818 270 1849 nas:
296 1804 474 1866 quando
502 1802 718 1850 districlus
751 1800 921 1848 animus
946 1801 1054 1847 nihil
1089 1800 1215 1848 altius
1249 1799 1438 1863 recipit,

165 1871 237 1919 sed
255 1873 402 1919 omnia
425 1872 543 1920 velut
556 1873 765 1922 inculcata
781 1872 955 1936 respuit.
973 1873 1095 1920 Nihil
1112 1872 1255 1920 minus
1272 1872 1332 1920 est
1350 1873 1438 1920 ho-

166 1944 294 1993 minis
318 1948 549 2010 occupati,
574 1963 706 2012 quam
734 1947 885 1995 vivere
911 1964 924 1993 ε
947 1945 1104 1994 nullius
1129 1946 1192 1995 rei
1218 1946 1438 1994 difficilior
1497 2007 1499 2012 ἲ

165 2019 227 2066 est
243 2019 429 2067 scientia.

229 2094 322 2140 VII.
362 2091 627 2142 Professores
657 2091 834 2139 aliarum
866 2091 1022 2138 artium
1053 2090 1189 2155 vulgo
1222 2092 1434 2157 multique

162 2164 271 2212 sunt.
291 2165 496 2228 quasdam
524 2182 637 2213 vero
662 2182 717 2212 ex
740 2164 805 2212 his
824 2165 948 2227 pueri
967 2164 1021 2211 ad
1045 2168 1228 2212 modum
1252 2165 1311 2213 ita
1331 2184 1434 2229 per·

163 2237 321 2301 cepisse
342 2237 422 2285 vifi
442 2238 562 2296 sunt,
585 2252 631 2287 ut
656 2239 785 2287 etiam
806 2237 1055 2302 praecipere
1082 2237 1265 2300 pollent,
1306 2239 1434 2287 vive·
1454 2266 1474 2296 χ

160 2329 208 2358 re
239 2323 333 2359 tota
363 2311 454 2361 vita
484 2312 732 2360 discendum
762 2311 916 2359 esttet
944 2311 1066 2374 quod
1096 2310 1232 2374 magis
1255 2309 1427 2360 fortasse

161 2385 401 2441 mirabere,
427 2396 519 2432 tota
547 2385 637 2435 vita
665 2384 919 2433 discendum
945 2383 1006 2431 est
1021 2384 1152 2430 mori.
1171 2387 1268 2431 Tot
1294 2384 1428 2431 maxi·

160 2458 222 2505 mi
246 2458 352 2518 viri,
377 2459 537 2508 reliffls
569 2458 779 2508 omnibus,
802 2456 1156 2522 impedimentis,
1182 2475 1285 2507 cum
1306 2458 1427 2508 divi-

1062 2523 1171 2587 ΒΞ
