1742 2967
334 224 425 282 164
556 224 605 271 L.
656 221 965 270 ANNAEI
1013 218 1379 267 SENECAE

325 332 445 380 suum
464 329 588 378 latius
609 342 767 394 patere.
788 327 940 376 Nescis
960 327 1066 392 quid
1091 326 1196 373 mihi
1217 325 1476 391 praestiteris
1497 341 1507 373 ε
1528 323 1602 374 sed

321 403 429 452 scire
447 418 488 451 te
509 414 713 466 oportet,
738 412 903 465 quanto
925 400 1017 464 plus
1039 400 1086 445 fit
1106 415 1237 463 quam
1263 399 1473 447 aestimas.
1504 403 1602 447 Sta-

322 477 402 524 tim
434 493 579 541 gratus
607 475 697 532 est,
731 474 807 538 qui
842 473 884 520 se
916 484 1080 520 onerat.
1116 474 1353 536 Nunquam
1383 473 1462 520 tibi
1496 489 1598 536 gra-

318 551 421 598 tiam
445 548 607 597 referre
628 561 798 612 potero.
837 547 945 594 illud
970 561 1084 593 certe
1110 561 1200 593 non
1227 545 1413 593 desinam
1434 546 1598 610 ubique

316 624 544 680 confiteri,
577 640 646 671 me
677 621 838 670 referre
867 637 959 667 non
991 619 1128 684 pofl‘e.

382 699 534 746 XXV.
571 696 708 744 Nullo
739 695 875 760 magis
907 694 1134 742 Caesarem
1168 693 1405 758 Augustum
1443 695 1601 742 deme-²

318 773 407 820 ruit
422 809 434 831 ‚
455 785 496 818 et
518 772 572 819 ad
598 771 677 819 alia
701 768 973 833 impetranda
993 767 1162 814 facilem
1185 766 1261 813 fibi
1279 767 1469 814 reddidit
1488 770 1598 814 Fur-

318 847 440 906 nius,
472 863 602 911 quam
629 844 752 909 quod
771 873 785 898 ‚
813 858 911 890 cum
942 841 1054 904 patri
1084 840 1350 887 Antonianas
1373 853 1512 903 partes
1534 841 1598 888 se·

317 931 425 967 cuto
449 918 622 966 veniam
651 912 938 979 impetrasset,
975 911 1110 958 dixit:
1131 912 1256 957 Hanc
1281 929 1411 959 unam
1439 912 1597 959 Caesar

317 993 459 1040 habeo
484 990 686 1039 iniuriam
711 1001 857 1040 tuam3
892 984 1069 1033 effecisti
1098 996 1147 1031 ut
1173 985 1398 1044 viverem,
1429 997 1472 1033 et
1491 1002 1596 1034 mo-

318 1065 438 1115 rerer
465 1067 665 1130 ingratus.
691 1061 814 1123 Quid
838 1058 897 1105 est
920 1069 1007 1103 tam
1039 1055 1144 1119 grati
1171 1055 1327 1115 animi,
1354 1073 1482 1121 quam
1503 1058 1598 1105 nul-

316 1140 363 1187 lo
393 1140 533 1186 modo
565 1137 641 1184 fibi
673 1129 956 1183 satisfacere?
989 1145 1120 1192 quam
1151 1145 1231 1177 nec
1263 1131 1316 1176 ad
1348 1129 1466 1193 spem
1492 1131 1595 1195 qui-

318 1213 419 1261 dem
455 1209 724 1276 exaequandi
756 1220 951 1270 unquam
988 1202 1189 1249 beneficii
1219 1203 1462 1252 accedere?
1514 1206 1598 1254 His

316 1297 446 1349 atque
472 1282 687 1333 eiusmodi
707 1279 893 1328 vocibus
920 1278 965 1324 id
986 1294 1188 1341 agamus,
1214 1293 1262 1324 ut
1278 1279 1484 1326 voluntas
1503 1297 1596 1329 non
1631 1315 1633 1317 .

317 1357 467 1416 lateat,
495 1355 566 1404 sed
596 1355 837 1419 aperiatur,
857 1364 898 1398 et
926 1351 1082 1397 luceat.
1118 1351 1262 1397 Verba
1289 1351 1449 1399 cessent
1471 1354 1594 1414 licet,

317 1432 349 1479 si
370 1429 745 1495 quemadmodum
777 1427 984 1473 debemus
1005 1423 1145 1471 affeffli
1173 1424 1340 1482 sumus,
1370 1427 1598 1474 conscien*

316 1503 376 1551 tia
402 1501 607 1550 eminebit
634 1501 678 1547 in
703 1501 839 1548 vultu.
866 1498 957 1558 Qui
981 1509 1123 1561 gratus
1150 1496 1319 1544 futurus
1347 1498 1431 1552 est,
1453 1497 1595 1547 statim

318 1576 423 1624 dum
449 1577 643 1638 accepit,
667 1575 720 1622 de
746 1572 972 1620 reddendo
998 1571 1178 1635 cogitat?
1195 1571 1470 1637 Chrysippus
1494 1575 1596 1638 qui-

318 1649 419 1695 dem
450 1649 578 1704 dicit,
606 1647 726 1695 illum
759 1646 880 1695 velut
907 1645 951 1691 in
979 1658 1196 1692 certamen
1226 1641 1372 1693 cursus
1403 1664 1597 1712 compo-

318 1721 467 1779 situm,
496 1734 538 1768 et
557 1721 801 1768 carceribus
821 1717 1054 1775 inclusum,
1075 1719 1272 1780 opperiri
1290 1719 1448 1767 debere
1468 1721 1593 1771 suurn

318 1807 517 1858 tempus,
539 1797 594 1842 ad
614 1795 738 1856 quod
764 1794 885 1841 velut
911 1792 1014 1837 dato
1040 1791 1161 1854 figno
1190 1792 1397 1854 prosiliat.
1422 1796 1476 1841 Et
1495 1796 1596 1858 qui-

318 1868 421 1914 dem
438 1886 593 1932 magna
612 1867 671 1914 illi
697 1867 913 1914 celeritate
933 1880 1046 1927 opus
1063 1863 1123 1910 est
1138 1899 1152 1920 ,
1176 1881 1328 1928 magna
1348 1868 1595 1915 contentio‘

318 1952 402 1993 ne,
425 1950 475 1984 ut
504 1939 795 2001 consequatur
824 1937 1163 1983 antecedentem.

380 2011 551 2058 XXVI.
578 2013 829 2059 Videndum
860 2011 921 2056 est
947 2025 1092 2066 nunc,
1120 2010 1226 2072 quid
1262 2011 1454 2058 maxime
1478 2011 1590 2060 faci-

315 2094 359 2127 at
377 2082 582 2144 ingratos.
606 2087 690 2130 Aut
713 2083 870 2130 nimius
888 2081 948 2128 sui
969 2082 1198 2142 suspefituQ
1215 2093 1257 2127 et
1277 2082 1444 2128 infitum
1468 2102 1591 2131 mor-

315 2154 467 2200 talitati
492 2156 648 2202 vitium
663 2192 675 2212 ,
700 2157 741 2203 se
768 2157 928 2220 suaque
955 2155 1139 2201 mirandi
1160 2173 1171 2202 :
1193 2169 1264 2202 aut
1287 2157 1470 2204 aviditas
1485 2194 1496 2214 ‚
1519 2170 1591 2205 aut

314 2222 494 2272 invidia.
536 2229 800 2291 Incipiamus
826 2246 848 2273 a
877 2228 1035 2290 primo,
1078 2230 1225 2274 Nemo
1257 2246 1348 2275 non
1379 2230 1590 2293 benignus

313 2296 377 2341 est
402 2298 463 2344 sui
488 2300 632 2347 iudex.
657 2301 757 2347 inde
780 2300 868 2356 est,
900 2312 946 2346 ut
970 2301 1120 2347 omnia
1151 2302 1354 2349 meruisse
1382 2302 1424 2348 se
1447 2303 1587 2349 existi-

314 2382 429 2423 met,
464 2387 506 2418 et
538 2373 584 2420 in
614 2374 803 2421 solutum
837 2374 1061 2436 accipiat:
1094 2391 1176 2420 nec
1205 2375 1301 2421 satis
1336 2375 1413 2420 suo
1444 2376 1588 2437 pretio

314 2439 357 2487 se
377 2442 640 2493 aestimatum
660 2459 795 2509 putet.
819 2445 921 2492 Hoc
939 2446 1045 2492 mihi
1068 2447 1211 2492 dedit:
1232 2447 1301 2493 sed
1323 2464 1451 2510 quam
1472 2445 1589 2503 sero,

312 2512 385 2560 sed
411 2518 510 2582 post
538 2534 648 2583 quot
662 2519 879 2585 Jobores?
913 2519 1092 2583 quando
1117 2518 1323 2583 consequi
1351 2519 1474 2582 plura
1498 2535 1584 2582 po*
