1742 2967
267 162 356 224 276
426 111 904 211 (LsANNAffl
954 166 1307 214 SENECAE

262 270 353 316 atis.
372 271 636 333 Separantur
663 272 854 318 afflones
869 307 881 327 ,
901 284 943 318 et
969 273 1022 319 de
1042 290 1098 320 eo
1127 276 1250 336 quod
1270 259 1461 338 agimuss,
1486 279 1540 324 de

259 341 419 388 eodem
442 343 675 390 nobiscum
707 342 865 406 agitur.
893 345 999 391 Non
1025 343 1309 393 confunditur
1324 346 1511 395 formula
1529 387 1543 406 ‚

256 414 286 461 fi
311 415 389 478 qui
408 416 521 477 apud
541 434 610 462 me
634 416 864 479 pecuniam
887 417 1160 480 deposuerit,
1181 419 1298 467 idem
1324 421 1429 467 mihi
1455 438 1541 485 pc-

256 487 341 534 stea
372 488 533 535 furtum
562 489 715 537 fecerit
731 525 746 547 ,
769 501 810 536 et
833 505 917 554 ego
947 507 1046 538 cum
1075 491 1153 539 illo
1187 492 1290 541 furti
1320 511 1468 558 agam,
1497 510 1541 543 et

252 560 324 609 ille
353 577 526 607 mecum
551 561 747 624 depofiti.

319 635 396 680 Vl.
417 636 544 694 Quae
569 631 835 696 proposuisti
849 669 860 691 ,
882 633 942 678 mi
966 633 1186 694 Liberalis,
1211 637 1425 699 exempla,
1446 655 1538 687 cer-

251 704 305 752 tis
334 703 498 767 legibus
522 702 833 760 continentur,
867 719 974 767 quas
1001 704 1168 752 necesse
1195 705 1256 751 est
1286 707 1407 770 sequi
1429 710 1537 756 :lex

250 775 336 839 legi
360 793 450 823 non
477 776 695 823 miscetur.
717 778 914 838 Utraque
933 776 1001 822 sua
1020 777 1095 823 via
1112 778 1144 824 it
1162 796 1172 824 ε
1194 779 1439 841 depolitum
1461 781 1534 828 ha-

247 855 323 901 bet
337 852 553 899 affionem
568 851 817 915 propriam,
837 863 925 896 tam
942 851 1193 898 mehercule
1208 870 1339 916 quam
1354 854 1531 903 furtum.

244 926 515 975 Beneficium
541 925 647 972 nulli
669 925 753 989 legi
776 924 1008 971 subiefilum
1036 925 1095 971 est
1118 943 1220 973 :me
1250 927 1415 976 arbitro
1443 930 1532 976 uti-

247 1013 329 1047 tur.
351 999 453 1046 licet
478 1015 550 1046 me
580 1014 840 1061 comparare
864 998 977 1044 inter
1006 998 1045 1044 se
1071 1014 1281 1061 quantum
1312 1001 1530 1062 profuerit

246 1074 354 1121 mihi
371 1073 579 1138 quisque,
607 1085 679 1119 aut
708 1083 927 1135 quantum
955 1073 1156 1119 nocuerit
1177 1084 1300 1119 :tum
1325 1090 1529 1135 pronun-

244 1151 351 1199 tiare
367 1183 381 1205 ‚
411 1166 556 1198 utrum
590 1149 686 1212 plus
707 1149 918 1197 debeatur
943 1147 1073 1206 mihi,
1099 1164 1153 1195 an
1182 1148 1379 1195 debeam.
1406 1152 1453 1195 In
1473 1149 1528 1196 il-

241 1226 293 1273 lis
318 1224 426 1272 nihil
448 1223 507 1270 est
531 1223 702 1270 nostrae
726 1221 946 1286 potestatis
966 1239 976 1268 :
1004 1223 1197 1268 eundum
1217 1221 1277 1268 est
1296 1259 1308 1280 ‚
1339 1240 1423 1287 qua
1444 1225 1528 1272 du·

241 1298 397 1346 cimur.
438 1299 485 1343 ln
516 1294 734 1342 beneficio
759 1306 850 1341 tota
879 1294 1067 1356 potestas
1099 1312 1196 1342 mea
1216 1295 1304 1342 est:
1338 1314 1422 1360 ego
1445 1298 1526 1344 ita-

239 1388 325 1434 que
351 1370 502 1417 iudico
532 1369 616 1415 illa.
646 1384 737 1414 non
770 1367 951 1431 separo,
980 1384 1059 1414 nec
1084 1367 1272 1426 diduc0,
1301 1368 1373 1415 sed
1406 1369 1523 1416 iniu-

239 1448 323 1494 rias
342 1463 390 1493 ac
409 1444 620 1492 beneficia
646 1444 698 1489 ad
717 1442 903 1490 eundem
929 1440 1116 1488 iudicem
1140 1442 1280 1489 mitto.
1310 1444 1523 1507 Alioquin

237 1521 358 1567 iubes
388 1535 458 1564 me
482 1518 640 1564 eodem
669 1528 872 1576 tempore
896 1529 1039 1560 amare
1067 1525 1111 1560 et
1130 1513 1295 1571 odisse,
1323 1518 1449 1578 queri
1480 1531 1524 1566 et

236 1593 392 1658 gratias
410 1607 537 1654 agere
558 1609 568 1637 :
587 1589 708 1654 quod
738 1603 891 1634 natura
912 1603 1003 1633 non
1021 1588 1196 1650 recipit.
1228 1589 1380 1637 Potius
1403 1606 1526 1638 com-

235 1665 460 1729 paratione
488 1663 596 1710 fafila
618 1663 729 1709 inter
757 1660 797 1708 se
826 1658 1026 1706 beneficii
1047 1672 1090 1708 et
1120 1661 1304 1708 iniuriae
1322 1698 1335 1719 ‚
1353 1663 1520 1711 videbo

235 1757 287 1785 an
307 1738 436 1785 etiarn
455 1736 571 1783 ultro
592 1735 695 1783 mihi
716 1734 937 1782 debeatur.
960 1734 1212 1794 Quomodo
1228 1733 1255 1780 fi
1276 1735 1373 1798 quis
1394 1735 1521 1799 scrip-

233 1809 287 1857 tis
317 1808 471 1856 nostris
492 1844 504 1867 ‚
537 1808 645 1855 alios
678 1805 858 1868 superne
890 1804 1114 1867 imprimat
1145 1805 1316 1862 versus,
1350 1806 1517 1868 priores

228 1883 372 1930 literas
397 1899 487 1927 non
515 1879 657 1935 tollit,
692 1879 764 1926 sed
791 1876 1049 1924 abscondit:
1078 1876 1135 1924 fic
1159 1876 1422 1925 beneficium
1448 1879 1515 1927 su-

230 1954 491 2017 perveniens
523 1951 727 1999 iniuriam
755 1966 964 2013 apparere
997 1964 1090 1995 non
1119 1949 1296 2011 patitur.

292 2029 389 2073 Vll.
420 2026 581 2073 Vultus
607 2040 736 2080 tuus,
755 2023 825 2070 cui
854 2021 1094 2087 regendum
1119 2038 1191 2068 me
1219 2022 1402 2082 tradidi,
1421 2024 1515 2070 col-

226 2099 321 2162 ligit
338 2115 467 2162 rugas
479 2135 491 2154 ,
514 2109 557 2146 et
576 2097 749 2145 attrahit
773 2096 967 2144 frontem
981 2130 997 2153 ,
1012 2095 1131 2161 quasi
1152 2095 1327 2161 longius
1343 2113 1515 2145 exeam.

229 2173 404 2221 Videris
428 2172 535 2219 mihi
565 2172 711 2219 dicere
734 2189 746 2218 τ

291 2283 390 2342 Quo
409 2295 574 2327 tantum
593 2280 698 2325 mihi
719 2279 860 2325 dexter
875 2278 1002 2323 abis?
1019 2279 1096 2323 huc
1115 2277 1244 2340 dirige
1263 2278 1436 2339 curficnz.

288 2362 407 2406 Litus
430 2379 542 2408 ama.

225 2464 332 2510 Non
361 2463 534 2526 poffum
553 2463 703 2528 magis,
726 2466 875 2527 Itaque
895 2461 926 2509 fi
941 2460 1042 2510 huic
1068 2459 1334 2509 fatisfauum
1351 2455 1501 2507 existi-
