1742 2967
284 164 376 212 334
520 150 568 201 L.
611 150 916 196 ANNAEt
967 151 1338 199 SENECAE

283 271 374 302 non
403 254 570 317 potuit,
599 254 773 305 fortasse
799 253 1054 318 ignoravit:
1082 253 1259 303 fortasse
1285 255 1471 306 facturus
1487 258 1561 309 est.

281 329 509 388 Quaedam
538 329 719 374 nomina
744 328 886 383 bona,
922 328 1062 374 lentus
1092 344 1141 375 ac
1175 328 1340 391 sapiens
1370 333 1561 382 creditor

279 400 408 458 fecit,
443 400 520 462 qui
549 397 770 457 sustinuit,
808 416 858 445 ac
879 415 1005 445 mora
1029 397 1157 446 fovit.
1185 401 1302 447 Idem
1335 403 1464 459 nobis
1494 403 1574 452 fa·

280 473 483 520 ciendum
507 489 517 518 :
540 472 782 519 nutriamus
810 470 939 518 fidem
971 472 1234 534 languidam.

345 547 503 593 XXX.
541 546 716 592 Perdidi
744 545 1019 592 beneficium.
1051 546 1218 603 Stulte,
1242 564 1332 594 non
1354 548 1467 597 nosti
1485 550 1560 598 de-

275 620 471 669 trimenti
503 621 568 666 tui
603 633 816 682 tempora.
858 619 1080 681 perdidisti
1101 655 1114 678 ‚
1148 621 1222 668 sed
1256 639 1356 669 cum
1395 625 1516 672 dares
1546 642 1558 671 :

277 712 395 742 nunc
417 694 560 757 palam
586 694 742 740 facium
777 692 849 740 est.
881 693 1025 739 Etiam
1052 694 1098 740 in
1128 694 1193 741 his
1220 712 1330 757 quae
1354 697 1561 745 videntur

276 768 324 816 in
359 767 565 831 perdito,
597 766 844 814 moderatio
878 765 1113 828 plurimum
1153 768 1333 830 profuit.
1371 772 1434 817 Ut
1458 787 1562 818 cor—

277 860 462 907 porum,
488 843 546 890 ita
578 842 829 889 animorum
855 841 1044 888 molliter
1069 841 1177 890 vitia
1205 845 1423 891 tractanda
1451 846 1561 893 sunt.

276 915 401 977 saepe
423 915 543 978 quod
569 914 808 976 explicavit
825 929 951 959 mora
969 950 982 972 ‚
1003 915 1235 976 pertinacia
1259 918 1466 966 trahentis
1484 920 1561 966 ab-

277 999 457 1049 ruptum
492 984 565 1033 est.
599 985 723 1046 Quid
755 1000 866 1046 opus
888 984 948 1030 est
978 987 1241 1034 maledictis?
1272 989 1375 1052 quid
1406 1008 1561 1053 quere-

276 1061 361 1107 lis?
393 1061 503 1124 quid
534 1060 853 1106 insectatione?
886 1076 1019 1123 quare
1047 1061 1164 1107 illum
1198 1063 1388 1111 liberas?
1427 1083 1561 1130 quare

278 1134 491 1194 dimittis?
523 1134 566 1180 Si
585 1134 775 1198 ingratus
798 1133 858 1180 est
875 1167 888 1189 ‚
919 1135 1005 1180 iam
1032 1134 1140 1181 nihil
1161 1136 1304 1183 debet.
1339 1139 1466 1199 Quae
1485 1157 1558 1187 ra-

276 1207 343 1253 tio
379 1205 460 1264 est,
485 1206 740 1253 exacerbare
767 1223 869 1253 eum
887 1242 900 1263 ,
933 1205 980 1252 in
1011 1223 1143 1269 quem
1178 1226 1333 1272 magna
1358 1213 1560 1259 contule-

275 1279 366 1335 ris,
395 1293 444 1325 ut
471 1294 527 1324 ex
563 1278 707 1325 amico
746 1279 881 1326 dubio
913 1278 987 1325 fiat
1021 1295 1113 1325 non
1145 1280 1301 1327 dubius
1328 1281 1562 1342 inimicus,

274 1362 319 1398 et
335 1350 630 1413 patrocinium
654 1350 730 1396 sibi
760 1350 905 1396 nostra
925 1349 1100 1396 infamia
1126 1356 1335 1413 quaerat?
1366 1353 1462 1399 Nec
1482 1355 1560 1400 de-

276 1427 327 1474 sit
357 1427 433 1491 qui
459 1427 604 1483 dicat:
630 1427 792 1474 Nescio
821 1428 925 1490 quid
951 1426 1036 1485 est,
1067 1427 1186 1486 quod
1216 1444 1313 1473 eum
1332 1464 1346 1483 ,
1376 1428 1448 1475 cui
1472 1442 1560 1475 tan·

277 1513 371 1546 tum
404 1500 583 1556 debuit,
610 1500 725 1547 ferre
745 1518 836 1546 non
861 1500 1016 1562 potuit.
1043 1499 1182 1545 subest
1210 1501 1386 1563 aliquid.
1410 1502 1558 1549 Nemo

276 1592 369 1621 non
399 1575 632 1638 superioris
661 1576 917 1637 dignitatem
951 1574 1233 1639 quaerend0‚
1263 1575 1390 1620 etiam
1418 1576 1448 1621 si
1468 1593 1559 1622 non

276 1649 554 1713 inquinavit,
585 1649 786 1712 aspersit:
822 1666 901 1695 nec
928 1648 1157 1712 quisquam
1188 1647 1353 1712 fingere
1376 1664 1558 1696 conten-

277 1734 344 1768 tus
387 1721 637 1782 estlevia,
682 1739 783 1770 cum
818 1721 1121 1786 magnitudine
1166 1723 1382 1769 mendacii
1425 1722 1556 1770 fidem

275 1809 470 1858 quaerat.

342 1869 518 1915 XXXI.
535 1871 719 1929 Quanto
735 1867 802 1914 illa
818 1867 974 1914 melior
986 1865 1073 1921 via,
1088 1881 1172 1929 qua
1188 1866 1379 1913 servatur
1391 1866 1450 1912 iffi
1471 1867 1557 1929 spe-

277 1941 364 1988 cies
389 1942 602 1988 amicitiae
618 1978 631 1999 ‚
650 1955 713 2000 et,
731 1941 759 1987 fi
784 1942 948 1988 reverti
966 1941 1018 1986 ad
1036 1941 1258 1986 sanitatem
1275 1940 1407 1996 velit,
1426 1941 1555 1985 etiam

276 2015 468 2062 amicitia
488 2016 505 2061 ?
544 2016 697 2062 Vincit
725 2015 865 2061 malos
886 2014 1085 2076 pertinax
1109 2012 1282 2062 bonitas
1303 2029 1313 2057 :
1337 2029 1417 2058 nec
1438 2013 1558 2075 quis-

277 2104 410 2150 quam
439 2100 526 2134 tam
563 2087 660 2133 duri
690 2086 919 2148 infestique
949 2085 1150 2133 adversus
1180 2084 1398 2148 diligenda
1426 2084 1558 2130 animi

275 2161 370 2215 cst,
406 2173 453 2209 ut
484 2160 614 2208 etiam
646 2161 691 2207 vi
722 2160 883 2207 trachis
916 2160 1060 2206 bonos
1093 2175 1183 2204 non
1218 2174 1364 2204 amet:
1398 2158 1556 2220 quibus

274 2235 364 2282 hoc
391 2251 569 2298 quoque
599 2233 749 2295 coepit
777 2234 964 2290 debere,
1000 2232 1122 2293 quod
1153 2232 1330 2292 impune
1363 2247 1452 2276 non
1473 2230 1558 2276 sol-

274 2308 353 2353 vit.
387 2309 454 2371 Ad
483 2308 555 2354 ilia
578 2307 723 2369 itaque
755 2306 1045 2369 cogitationes
1074 2318 1166 2351 tuas
1194 2305 1332 2351 flecte.
1373 2305 1477 2350 Non
1497 2303 1558 2350 est

275 2379 386 2426 mihi
415 2380 547 2429 relata
576 2380 724 2443 gratia.
756 2379 863 2442 quid
898 2379 1083 2425 faciam?
1115 2379 1236 2424 ouod
1265 2377 1325 2424 dii
1357 2376 1555 2422 omnium

278 2470 420 2503 rtrum
449 2454 608 2519 optimi
641 2456 839 2504 auctores
867 2472 877 2502 ε
910 2454 985 2518 qui
1014 2453 1224 2502 beneficia
1255 2453 1557 2517 ignorantibus
