<?xml version="1.0" encoding="UTF-8"?>
<!DOCTYPE html PUBLIC "-//W3C//DTD XHTML 1.0 Transitional//EN"
    "http://www.w3.org/TR/xhtml1/DTD/xhtml1-transitional.dtd">
<html xmlns="http://www.w3.org/1999/xhtml" xml:lang="en" lang="en">
 <head>
  <title>
</title>
<meta http-equiv="Content-Type" content="text/html;charset=utf-8" />
  <meta name='ocr-system' content='tesseract 3.04.00' />
  <meta name='ocr-capabilities' content='ocr_page ocr_carea ocr_par ocr_line ocrx_word'/>
</head>
<body>
  <div class='ocr_page' id='page_1' title='image "./lannaeisenecaeph02seneuoft_0208.png"; bbox 0 0 1742 2967; ppageno 0'>
   <div class='ocr_carea' id='block_1_1' title="bbox 274 155 1291 205">
    <p class='ocr_par' dir='ltr' id='par_1_1' title="bbox 274 155 1291 205">
     <span class='ocr_line' id='line_1_1' title="bbox 274 155 1291 205; baseline 0.001 -1"><span class='ocrx_word' id='word_1_1' title='bbox 274 155 362 205; x_wconf 76' lang='lat'>186</span> <span class='ocrx_word' id='word_1_2' title='bbox 525 157 574 203; x_wconf 80' lang='lat' dir='ltr'>L.</span> <span class='ocrx_word' id='word_1_3' title='bbox 615 155 909 202; x_wconf 85' lang='lat' dir='ltr'><strong>ANNAEI</strong></span> <span class='ocrx_word' id='word_1_4' title='bbox 950 156 1291 205; x_wconf 83' lang='lat' dir='ltr'><strong>SENECAE</strong></span> 
     </span>
    </p>
   </div>
   <div class='ocr_carea' id='block_1_2' title="bbox 254 263 1547 2223">
    <p class='ocr_par' dir='ltr' id='par_1_2' title="bbox 254 263 1547 1421">
     <span class='ocr_line' id='line_1_2' title="bbox 269 263 1546 329; baseline 0.003 -19"><span class='ocrx_word' id='word_1_5' title='bbox 269 278 485 321; x_wconf 84' lang='lat' dir='ltr'>numero,</span> <span class='ocrx_word' id='word_1_6' title='bbox 513 263 584 310; x_wconf 92' lang='lat' dir='ltr'>sed</span> <span class='ocrx_word' id='word_1_7' title='bbox 607 264 892 321; x_wconf 86' lang='lat' dir='ltr'>maritorum,</span> <span class='ocrx_word' id='word_1_8' title='bbox 917 279 1054 310; x_wconf 88' lang='lat' dir='ltr'>annos</span> <span class='ocrx_word' id='word_1_9' title='bbox 1081 264 1180 312; x_wconf 85' lang='lat' dir='ltr'>suos</span> <span class='ocrx_word' id='word_1_10' title='bbox 1205 266 1487 329; x_wconf 79' lang='lat' dir='ltr'>computant?</span> <span class='ocrx_word' id='word_1_11' title='bbox 1504 278 1546 315; x_wconf 90' lang='lat' dir='ltr'>et</span> 
     </span>
     <span class='ocr_line' id='line_1_3' title="bbox 268 334 1546 401; baseline 0.004 -20"><span class='ocrx_word' id='word_1_12' title='bbox 268 347 429 381; x_wconf 80' lang='lat' dir='ltr'>exeunt</span> <span class='ocrx_word' id='word_1_13' title='bbox 448 334 716 381; x_wconf 75' lang='lat' dir='ltr'>matrimonii</span> <span class='ocrx_word' id='word_1_14' title='bbox 736 335 858 382; x_wconf 87' lang='lat' dir='ltr'>causa</span> <span class='ocrx_word' id='word_1_15' title='bbox 877 368 891 390; x_wconf 88' lang='lat'>‚</span> <span class='ocrx_word' id='word_1_16' title='bbox 927 337 1093 401; x_wconf 83' lang='lat' dir='ltr'>nubunt</span> <span class='ocrx_word' id='word_1_17' title='bbox 1116 337 1313 400; x_wconf 83' lang='lat' dir='ltr'>repudii?</span> <span class='ocrx_word' id='word_1_18' title='bbox 1334 340 1446 385; x_wconf 85' lang='lat' dir='ltr'>Tam</span> <span class='ocrx_word' id='word_1_19' title='bbox 1471 340 1546 387; x_wconf 84' lang='lat' dir='ltr'>diu</span> 
     </span>
     <span class='ocr_line' id='line_1_4' title="bbox 267 406 1547 474; baseline 0.005 -21"><span class='ocrx_word' id='word_1_20' title='bbox 267 406 380 454; x_wconf 86' lang='lat' dir='ltr'>istud</span> <span class='ocrx_word' id='word_1_21' title='bbox 414 409 675 463; x_wconf 77' lang='lat' dir='ltr'><strong>timebatur,</strong></span> <span class='ocrx_word' id='word_1_22' title='bbox 708 425 839 471; x_wconf 86' lang='lat' dir='ltr'>quam</span> <span class='ocrx_word' id='word_1_23' title='bbox 878 409 950 455; x_wconf 88' lang='lat' dir='ltr'>diu</span> <span class='ocrx_word' id='word_1_24' title='bbox 984 425 1128 456; x_wconf 85' lang='lat' dir='ltr'>rarum</span> <span class='ocrx_word' id='word_1_25' title='bbox 1161 422 1264 457; x_wconf 83' lang='lat' dir='ltr'>erat.</span> <span class='ocrx_word' id='word_1_26' title='bbox 1296 412 1399 474; x_wconf 86' lang='lat' dir='ltr'>quia</span> <span class='ocrx_word' id='word_1_27' title='bbox 1433 429 1547 460; x_wconf 86' lang='lat' dir='ltr'>vero</span> 
     </span>
     <span class='ocr_line' id='line_1_5' title="bbox 266 479 1546 544; baseline 0.005 -20"><span class='ocrx_word' id='word_1_28' title='bbox 266 479 378 525; x_wconf 79' lang='lat' dir='ltr'>nulia</span> <span class='ocrx_word' id='word_1_29' title='bbox 403 480 490 526; x_wconf 87' lang='lat' dir='ltr'>fine</span> <span class='ocrx_word' id='word_1_30' title='bbox 515 480 716 527; x_wconf 89' lang='lat' dir='ltr'>divortio</span> <span class='ocrx_word' id='word_1_31' title='bbox 737 481 826 527; x_wconf 60' lang='lat' dir='ltr'>afta</span> <span class='ocrx_word' id='word_1_32' title='bbox 846 480 968 537; x_wconf 73' lang='lat' dir='ltr'>sunt,</span> <span class='ocrx_word' id='word_1_33' title='bbox 997 481 1119 543; x_wconf 87' lang='lat' dir='ltr'>quod</span> <span class='ocrx_word' id='word_1_34' title='bbox 1138 481 1262 544; x_wconf 81' lang='lat' dir='ltr'>saepe</span> <span class='ocrx_word' id='word_1_35' title='bbox 1292 482 1546 541; x_wconf 77' lang='lat' dir='ltr'>audiebant,</span> 
     </span>
     <span class='ocr_line' id='line_1_6' title="bbox 264 551 1546 620; baseline 0.005 -22"><span class='ocrx_word' id='word_1_36' title='bbox 264 551 408 598; x_wconf 77' lang='lat' dir='ltr'>facere</span> <span class='ocrx_word' id='word_1_37' title='bbox 427 553 688 600; x_wconf 80' lang='lat' dir='ltr'>didicerunt.</span> <span class='ocrx_word' id='word_1_38' title='bbox 710 554 938 617; x_wconf 78' lang='lat' dir='ltr'>Numquid</span> <span class='ocrx_word' id='word_1_39' title='bbox 957 554 1041 600; x_wconf 85' lang='lat' dir='ltr'>iam</span> <span class='ocrx_word' id='word_1_40' title='bbox 1060 554 1168 601; x_wconf 81' lang='lat' dir='ltr'>ullus</span> <span class='ocrx_word' id='word_1_41' title='bbox 1189 556 1384 603; x_wconf 79' lang='lat' dir='ltr'>adulterii</span> <span class='ocrx_word' id='word_1_42' title='bbox 1403 557 1546 620; x_wconf 87' lang='lat' dir='ltr'>pudor</span> 
     </span>
     <span class='ocr_line' id='line_1_7' title="bbox 267 623 1545 687; baseline 0.003 -17"><span class='ocrx_word' id='word_1_43' title='bbox 267 624 352 681; x_wconf 88' lang='lat' dir='ltr'>est,</span> <span class='ocrx_word' id='word_1_44' title='bbox 373 623 605 687; x_wconf 82' lang='lat' dir='ltr'>postquam</span> <span class='ocrx_word' id='word_1_45' title='bbox 622 640 678 671; x_wconf 89' lang='lat' dir='ltr'>eo</span> <span class='ocrx_word' id='word_1_46' title='bbox 700 638 884 672; x_wconf 88' lang='lat' dir='ltr'>ventum</span> <span class='ocrx_word' id='word_1_47' title='bbox 902 624 984 681; x_wconf 82' lang='lat' dir='ltr'>est,</span> <span class='ocrx_word' id='word_1_48' title='bbox 1003 636 1050 671; x_wconf 91' lang='lat' dir='ltr'>ut</span> <span class='ocrx_word' id='word_1_49' title='bbox 1077 626 1186 672; x_wconf 82' lang='lat' dir='ltr'>nulla</span> <span class='ocrx_word' id='word_1_50' title='bbox 1205 625 1348 674; x_wconf 84' lang='lat' dir='ltr'>virum</span> <span class='ocrx_word' id='word_1_51' title='bbox 1370 627 1545 686; x_wconf 82' lang='lat' dir='ltr'>habeat,</span> 
     </span>
     <span class='ocr_line' id='line_1_8' title="bbox 265 697 1545 762; baseline 0.002 -18"><span class='ocrx_word' id='word_1_52' title='bbox 265 697 344 744; x_wconf 87' lang='lat' dir='ltr'>nifi</span> <span class='ocrx_word' id='word_1_53' title='bbox 368 710 414 744; x_wconf 94' lang='lat' dir='ltr'>ut</span> <span class='ocrx_word' id='word_1_54' title='bbox 435 698 680 744; x_wconf 85' lang='lat' dir='ltr'>adulterum</span> <span class='ocrx_word' id='word_1_55' title='bbox 707 698 875 746; x_wconf 83' lang='lat' dir='ltr'>irritet?</span> <span class='ocrx_word' id='word_1_56' title='bbox 906 715 1212 762; x_wconf 75' lang='lat' dir='ltr'>argumentum</span> <span class='ocrx_word' id='word_1_57' title='bbox 1238 699 1298 745; x_wconf 86' lang='lat' dir='ltr'>est</span> <span class='ocrx_word' id='word_1_58' title='bbox 1327 699 1545 746; x_wconf 84' lang='lat' dir='ltr'>deformi·</span> 
     </span>
     <span class='ocr_line' id='line_1_9' title="bbox 263 771 1544 835; baseline 0.002 -18"><span class='ocrx_word' id='word_1_59' title='bbox 263 771 389 828; x_wconf 84' lang='lat' dir='ltr'>tatis,</span> <span class='ocrx_word' id='word_1_60' title='bbox 418 771 639 835; x_wconf 81' lang='lat' dir='ltr'>pudicitia.</span> <span class='ocrx_word' id='word_1_61' title='bbox 669 774 820 834; x_wconf 84' lang='lat' dir='ltr'>Quam</span> <span class='ocrx_word' id='word_1_62' title='bbox 856 772 1056 819; x_wconf 86' lang='lat' dir='ltr'>invenies</span> <span class='ocrx_word' id='word_1_63' title='bbox 1084 784 1170 818; x_wconf 80' lang='lat' dir='ltr'>tam</span> <span class='ocrx_word' id='word_1_64' title='bbox 1204 772 1426 832; x_wconf 79' lang='lat' dir='ltr'>miseram,</span> <span class='ocrx_word' id='word_1_65' title='bbox 1456 786 1544 820; x_wconf 86' lang='lat' dir='ltr'>tam</span> 
     </span>
     <span class='ocr_line' id='line_1_10' title="bbox 264 843 1547 909; baseline 0.002 -18"><span class='ocrx_word' id='word_1_66' title='bbox 264 843 510 903; x_wconf 83' lang='lat' dir='ltr'>sordidam,</span> <span class='ocrx_word' id='word_1_67' title='bbox 534 858 584 892; x_wconf 92' lang='lat' dir='ltr'>ut</span> <span class='ocrx_word' id='word_1_68' title='bbox 603 845 662 891; x_wconf 79' lang='lat' dir='ltr'>itli</span> <span class='ocrx_word' id='word_1_69' title='bbox 689 845 785 892; x_wconf 85' lang='lat' dir='ltr'>satis</span> <span class='ocrx_word' id='word_1_70' title='bbox 806 845 854 891; x_wconf 87' lang='lat' dir='ltr'>fit</span> <span class='ocrx_word' id='word_1_71' title='bbox 869 862 1008 892; x_wconf 87' lang='lat' dir='ltr'>unum</span> <span class='ocrx_word' id='word_1_72' title='bbox 1025 845 1318 892; x_wconf 74' lang='lat' dir='ltr'>adulterorum</span> <span class='ocrx_word' id='word_1_73' title='bbox 1339 863 1415 909; x_wconf 90' lang='lat' dir='ltr'>par</span> <span class='ocrx_word' id='word_1_74' title='bbox 1430 847 1454 893; x_wconf 49' lang='lat'>?‘</span> <span class='ocrx_word' id='word_1_75' title='bbox 1469 846 1547 894; x_wconf 81' lang='lat' dir='ltr'>nisi</span> 
     </span>
     <span class='ocr_line' id='line_1_11' title="bbox 261 917 1545 982; baseline 0.004 -19"><span class='ocrx_word' id='word_1_76' title='bbox 261 917 439 982; x_wconf 81' lang='lat' dir='ltr'>fingulis</span> <span class='ocrx_word' id='word_1_77' title='bbox 469 917 613 965; x_wconf 86' lang='lat' dir='ltr'>divifit</span> <span class='ocrx_word' id='word_1_78' title='bbox 637 918 799 966; x_wconf 83' lang='lat' dir='ltr'>horas?</span> <span class='ocrx_word' id='word_1_79' title='bbox 827 931 870 965; x_wconf 92' lang='lat' dir='ltr'>et</span> <span class='ocrx_word' id='word_1_80' title='bbox 892 935 983 964; x_wconf 89' lang='lat' dir='ltr'>non</span> <span class='ocrx_word' id='word_1_81' title='bbox 1012 918 1165 965; x_wconf 85' lang='lat' dir='ltr'>sufficit</span> <span class='ocrx_word' id='word_1_82' title='bbox 1191 919 1281 966; x_wconf 85' lang='lat' dir='ltr'>dies</span> <span class='ocrx_word' id='word_1_83' title='bbox 1300 920 1545 968; x_wconf 77' lang='lat' dir='ltr'>omnibus?</span> 
     </span>
     <span class='ocr_line' id='line_1_12' title="bbox 262 990 1544 1056; baseline 0.003 -19"><span class='ocrx_word' id='word_1_84' title='bbox 262 990 342 1037; x_wconf 86' lang='lat' dir='ltr'>nifi</span> <span class='ocrx_word' id='word_1_85' title='bbox 366 993 484 1055; x_wconf 87' lang='lat' dir='ltr'>apud</span> <span class='ocrx_word' id='word_1_86' title='bbox 503 993 636 1040; x_wconf 89' lang='lat' dir='ltr'>alium</span> <span class='ocrx_word' id='word_1_87' title='bbox 662 992 822 1056; x_wconf 80' lang='lat' dir='ltr'>gestata</span> <span class='ocrx_word' id='word_1_88' title='bbox 839 991 931 1049; x_wconf 90' lang='lat' dir='ltr'>est,</span> <span class='ocrx_word' id='word_1_89' title='bbox 957 992 1072 1054; x_wconf 88' lang='lat' dir='ltr'>apud</span> <span class='ocrx_word' id='word_1_90' title='bbox 1101 991 1231 1038; x_wconf 86' lang='lat' dir='ltr'>alium</span> <span class='ocrx_word' id='word_1_91' title='bbox 1256 992 1443 1040; x_wconf 70' lang='lat' dir='ltr'>mansit?</span> <span class='ocrx_word' id='word_1_92' title='bbox 1468 996 1544 1040; x_wconf 89' lang='lat' dir='ltr'>In·</span> 
     </span>
     <span class='ocr_line' id='line_1_13' title="bbox 260 1062 1546 1129; baseline 0.002 -19"><span class='ocrx_word' id='word_1_93' title='bbox 260 1063 423 1112; x_wconf 83' lang='lat' dir='ltr'>frunita</span> <span class='ocrx_word' id='word_1_94' title='bbox 464 1077 508 1113; x_wconf 90' lang='lat' dir='ltr'>et</span> <span class='ocrx_word' id='word_1_95' title='bbox 542 1065 718 1129; x_wconf 87' lang='lat' dir='ltr'>antiqua</span> <span class='ocrx_word' id='word_1_96' title='bbox 744 1065 831 1124; x_wconf 82' lang='lat' dir='ltr'>est,</span> <span class='ocrx_word' id='word_1_97' title='bbox 860 1080 969 1128; x_wconf 87' lang='lat' dir='ltr'>quae</span> <span class='ocrx_word' id='word_1_98' title='bbox 999 1062 1187 1122; x_wconf 79' lang='lat' dir='ltr'>nesciat,</span> <span class='ocrx_word' id='word_1_99' title='bbox 1216 1064 1546 1112; x_wconf 81' lang='lat' dir='ltr'>matrimonium</span> 
     </span>
     <span class='ocr_line' id='line_1_14' title="bbox 254 1138 1546 1200; baseline 0 -14"><span class='ocrx_word' id='word_1_100' title='bbox 254 1139 446 1198; x_wconf 87' lang='lat' dir='ltr'>vocari,</span> <span class='ocrx_word' id='word_1_101' title='bbox 477 1139 603 1187; x_wconf 84' lang='lat' dir='ltr'>unius</span> <span class='ocrx_word' id='word_1_102' title='bbox 622 1140 896 1188; x_wconf 61' lang='lat' dir='ltr'>aduiterium.</span> <span class='ocrx_word' id='word_1_103' title='bbox 940 1138 1330 1200; x_wconf 84' lang='lat' dir='ltr'>Quemadmodum</span> <span class='ocrx_word' id='word_1_104' title='bbox 1385 1139 1546 1186; x_wconf 86' lang='lat' dir='ltr'>horum</span> 
     </span>
     <span class='ocr_line' id='line_1_15' title="bbox 261 1209 1545 1275; baseline 0.001 -17"><span class='ocrx_word' id='word_1_105' title='bbox 261 1211 518 1259; x_wconf 57' lang='lat' dir='ltr'>destiterunt</span> <span class='ocrx_word' id='word_1_106' title='bbox 557 1212 640 1258; x_wconf 86' lang='lat' dir='ltr'>iam</span> <span class='ocrx_word' id='word_1_107' title='bbox 665 1213 845 1259; x_wconf 82' lang='lat' dir='ltr'>evanuit</span> <span class='ocrx_word' id='word_1_108' title='bbox 869 1211 1043 1275; x_wconf 80' lang='lat' dir='ltr'>pudor,</span> <span class='ocrx_word' id='word_1_109' title='bbox 1073 1209 1304 1273; x_wconf 79' lang='lat' dir='ltr'>postquam</span> <span class='ocrx_word' id='word_1_110' title='bbox 1331 1227 1398 1258; x_wconf 89' lang='lat' dir='ltr'>res</span> <span class='ocrx_word' id='word_1_111' title='bbox 1422 1211 1545 1260; x_wconf 87' lang='lat' dir='ltr'>latius</span> 
     </span>
     <span class='ocr_line' id='line_1_16' title="bbox 260 1282 1543 1349; baseline 0.002 -20"><span class='ocrx_word' id='word_1_112' title='bbox 260 1294 442 1347; x_wconf 77' lang='lat' dir='ltr'>evagata</span> <span class='ocrx_word' id='word_1_113' title='bbox 473 1284 561 1331; x_wconf 86' lang='lat' dir='ltr'>est:</span> <span class='ocrx_word' id='word_1_114' title='bbox 593 1284 651 1331; x_wconf 86' lang='lat' dir='ltr'>ita</span> <span class='ocrx_word' id='word_1_115' title='bbox 681 1285 872 1349; x_wconf 81' lang='lat' dir='ltr'>ingratos</span> <span class='ocrx_word' id='word_1_116' title='bbox 900 1284 1042 1346; x_wconf 73' lang='lat' dir='ltr'>piures</span> <span class='ocrx_word' id='word_1_117' title='bbox 1064 1282 1251 1340; x_wconf 81' lang='lat' dir='ltr'>efficies,</span> <span class='ocrx_word' id='word_1_118' title='bbox 1271 1295 1313 1329; x_wconf 83' lang='lat' dir='ltr'>et</span> <span class='ocrx_word' id='word_1_119' title='bbox 1333 1282 1543 1331; x_wconf 84' lang='lat' dir='ltr'>audacio·-</span> 
     </span>
     <span class='ocr_line' id='line_1_17' title="bbox 260 1358 985 1421; baseline 0 -17"><span class='ocrx_word' id='word_1_120' title='bbox 260 1372 328 1405; x_wconf 84' lang='lat' dir='ltr'>res</span> <span class='ocrx_word' id='word_1_121' title='bbox 343 1394 355 1411; x_wconf 95' lang='lat'>‚</span> <span class='ocrx_word' id='word_1_122' title='bbox 380 1359 409 1404; x_wconf 89' lang='lat' dir='ltr'>fi</span> <span class='ocrx_word' id='word_1_123' title='bbox 430 1376 657 1408; x_wconf 87' lang='lat' dir='ltr'>numerare</span> <span class='ocrx_word' id='word_1_124' title='bbox 680 1359 721 1407; x_wconf 86' lang='lat' dir='ltr'>se</span> <span class='ocrx_word' id='word_1_125' title='bbox 748 1358 985 1421; x_wconf 77' lang='lat' dir='ltr'>coeperint.</span> 
     </span>
    </p>

    <p class='ocr_par' dir='ltr' id='par_1_3' title="bbox 259 1429 1542 2223">
     <span class='ocr_line' id='line_1_18' title="bbox 326 1429 1541 1497; baseline 0.001 -20"><span class='ocrx_word' id='word_1_126' title='bbox 326 1433 475 1479; x_wconf 74' lang='lat' dir='ltr'><strong>XVH.</strong></span> <span class='ocrx_word' id='word_1_127' title='bbox 500 1434 624 1494; x_wconf 84' lang='lat' dir='ltr'>Quid</span> <span class='ocrx_word' id='word_1_128' title='bbox 650 1433 784 1497; x_wconf 84' lang='lat' dir='ltr'>ergo?</span> <span class='ocrx_word' id='word_1_129' title='bbox 810 1431 1046 1495; x_wconf 83' lang='lat' dir='ltr'>impunitus</span> <span class='ocrx_word' id='word_1_130' title='bbox 1070 1430 1151 1478; x_wconf 89' lang='lat' dir='ltr'>erit</span> <span class='ocrx_word' id='word_1_131' title='bbox 1176 1429 1395 1493; x_wconf 80' lang='lat' dir='ltr'>ingratus?</span> <span class='ocrx_word' id='word_1_132' title='bbox 1419 1431 1541 1491; x_wconf 83' lang='lat' dir='ltr'>Quid</span> 
     </span>
     <span class='ocr_line' id='line_1_19' title="bbox 260 1503 1541 1568; baseline 0 -18"><span class='ocrx_word' id='word_1_133' title='bbox 260 1505 398 1568; x_wconf 84' lang='lat' dir='ltr'>ergo?</span> <span class='ocrx_word' id='word_1_134' title='bbox 428 1505 669 1568; x_wconf 87' lang='lat' dir='ltr'>impunitus</span> <span class='ocrx_word' id='word_1_135' title='bbox 700 1506 780 1552; x_wconf 82' lang='lat' dir='ltr'>erit</span> <span class='ocrx_word' id='word_1_136' title='bbox 807 1505 997 1567; x_wconf 85' lang='lat' dir='ltr'>impius?</span> <span class='ocrx_word' id='word_1_137' title='bbox 1031 1504 1141 1566; x_wconf 87' lang='lat' dir='ltr'>quid</span> <span class='ocrx_word' id='word_1_138' title='bbox 1165 1503 1405 1566; x_wconf 85' lang='lat' dir='ltr'>malignus?</span> <span class='ocrx_word' id='word_1_139' title='bbox 1434 1503 1541 1567; x_wconf 85' lang='lat' dir='ltr'>quid</span> 
     </span>
     <span class='ocr_line' id='line_1_20' title="bbox 259 1575 1541 1641; baseline -0.002 -17"><span class='ocrx_word' id='word_1_140' title='bbox 259 1578 455 1624; x_wconf 78' lang='lat' dir='ltr'>avarus?</span> <span class='ocrx_word' id='word_1_141' title='bbox 487 1578 593 1641; x_wconf 89' lang='lat' dir='ltr'>quid</span> <span class='ocrx_word' id='word_1_142' title='bbox 623 1577 876 1641; x_wconf 72' lang='lat' dir='ltr'>impotens?</span> <span class='ocrx_word' id='word_1_143' title='bbox 915 1577 1022 1640; x_wconf 88' lang='lat' dir='ltr'>quid</span> <span class='ocrx_word' id='word_1_144' title='bbox 1051 1575 1276 1623; x_wconf 75' lang='lat' dir='ltr'>crud&#39;ei&#39;is?</span> <span class='ocrx_word' id='word_1_145' title='bbox 1324 1575 1541 1638; x_wconf 73' lang='lat' dir='ltr'>Impunita</span> 
     </span>
     <span class='ocr_line' id='line_1_21' title="bbox 261 1650 1542 1714; baseline -0.001 -17"><span class='ocrx_word' id='word_1_146' title='bbox 261 1662 308 1697; x_wconf 88' lang='lat' dir='ltr'>tu</span> <span class='ocrx_word' id='word_1_147' title='bbox 338 1651 480 1698; x_wconf 85' lang='lat' dir='ltr'>credis</span> <span class='ocrx_word' id='word_1_148' title='bbox 511 1651 625 1709; x_wconf 83' lang='lat' dir='ltr'>effe,</span> <span class='ocrx_word' id='word_1_149' title='bbox 653 1650 932 1714; x_wconf 20' lang='lat' dir='ltr'>quaelinvisa</span> <span class='ocrx_word' id='word_1_150' title='bbox 958 1651 1088 1697; x_wconf 64' lang='lat' dir='ltr'>sunt?</span> <span class='ocrx_word' id='word_1_151' title='bbox 1113 1663 1186 1697; x_wconf 87' lang='lat' dir='ltr'>aut</span> <span class='ocrx_word' id='word_1_152' title='bbox 1211 1651 1350 1696; x_wconf 74' lang='lat' dir='ltr'>ullum</span> <span class='ocrx_word' id='word_1_153' title='bbox 1376 1650 1542 1713; x_wconf 84' lang='lat' dir='ltr'>suppli-</span> 
     </span>
     <span class='ocr_line' id='line_1_22' title="bbox 260 1713 1541 1786; baseline 0.002 -19"><span class='ocrx_word' id='word_1_154' title='bbox 260 1721 377 1768; x_wconf 87' lang='lat' dir='ltr'>cium</span> <span class='ocrx_word' id='word_1_155' title='bbox 414 1713 592 1786; x_wconf 63' lang='lat' dir='ltr'>gravius</span> <span class='ocrx_word' id='word_1_156' title='bbox 624 1721 839 1769; x_wconf 82' lang='lat' dir='ltr'>existimas</span> <span class='ocrx_word' id='word_1_157' title='bbox 872 1724 1052 1786; x_wconf 87' lang='lat' dir='ltr'>publico</span> <span class='ocrx_word' id='word_1_158' title='bbox 1089 1723 1234 1772; x_wconf 83' lang='lat' dir='ltr'>odio?</span> <span class='ocrx_word' id='word_1_159' title='bbox 1272 1727 1421 1771; x_wconf 56' lang='lat' dir='ltr'>Poena&lt;</span> <span class='ocrx_word' id='word_1_160' title='bbox 1449 1722 1509 1770; x_wconf 80' lang='lat' dir='ltr'>est</span> <span class='ocrx_word' id='word_1_161' title='bbox 1528 1758 1541 1780; x_wconf 89' lang='lat'><em>‚</em></span> 
     </span>
     <span class='ocr_line' id='line_1_23' title="bbox 260 1794 1541 1859; baseline 0 -18"><span class='ocrx_word' id='word_1_162' title='bbox 260 1795 383 1856; x_wconf 82' lang='lat' dir='ltr'>quod</span> <span class='ocrx_word' id='word_1_163' title='bbox 411 1813 503 1841; x_wconf 87' lang='lat' dir='ltr'>non</span> <span class='ocrx_word' id='word_1_164' title='bbox 525 1796 656 1841; x_wconf 86' lang='lat' dir='ltr'>audet</span> <span class='ocrx_word' id='word_1_165' title='bbox 681 1797 735 1841; x_wconf 85' lang='lat' dir='ltr'>ab</span> <span class='ocrx_word' id='word_1_166' title='bbox 755 1795 848 1842; x_wconf 76' lang='lat' dir='ltr'>ullo</span> <span class='ocrx_word' id='word_1_167' title='bbox 873 1794 1135 1843; x_wconf 78' lang='lat' dir='ltr'>beneficium</span> <span class='ocrx_word' id='word_1_168' title='bbox 1162 1796 1386 1859; x_wconf 82' lang='lat' dir='ltr'>accipere,</span> <span class='ocrx_word' id='word_1_169' title='bbox 1414 1796 1541 1858; x_wconf 77' lang='lat' dir='ltr'>quod</span> 
     </span>
     <span class='ocr_line' id='line_1_24' title="bbox 260 1868 1542 1931; baseline 0.001 -18"><span class='ocrx_word' id='word_1_170' title='bbox 260 1884 351 1917; x_wconf 88' lang='lat' dir='ltr'>non</span> <span class='ocrx_word' id='word_1_171' title='bbox 382 1869 510 1915; x_wconf 86' lang='lat' dir='ltr'>audet</span> <span class='ocrx_word' id='word_1_172' title='bbox 538 1868 613 1915; x_wconf 90' lang='lat' dir='ltr'>ulli</span> <span class='ocrx_word' id='word_1_173' title='bbox 638 1869 768 1926; x_wconf 75' lang='lat' dir='ltr'>dare,</span> <span class='ocrx_word' id='word_1_174' title='bbox 791 1869 913 1931; x_wconf 90' lang='lat' dir='ltr'>quod</span> <span class='ocrx_word' id='word_1_175' title='bbox 940 1868 1141 1916; x_wconf 84' lang='lat' dir='ltr'>omnium</span> <span class='ocrx_word' id='word_1_176' title='bbox 1166 1869 1408 1931; x_wconf 73' lang='lat' dir='ltr'>designatur</span> <span class='ocrx_word' id='word_1_177' title='bbox 1431 1883 1542 1914; x_wconf 76' lang='lat' dir='ltr'>ocu-</span> 
     </span>
     <span class='ocr_line' id='line_1_25' title="bbox 259 1939 1540 2004; baseline 0 -18"><span class='ocrx_word' id='word_1_178' title='bbox 259 1939 338 1999; x_wconf 75' lang='lat' dir='ltr'>tis,</span> <span class='ocrx_word' id='word_1_179' title='bbox 360 1956 436 1988; x_wconf 87' lang='lat' dir='ltr'>aut</span> <span class='ocrx_word' id='word_1_180' title='bbox 464 1939 672 2004; x_wconf 67' lang='lat' dir='ltr'>designari</span> <span class='ocrx_word' id='word_1_181' title='bbox 694 1940 734 1987; x_wconf 86' lang='lat' dir='ltr'>se</span> <span class='ocrx_word' id='word_1_182' title='bbox 760 1940 921 1988; x_wconf 84' lang='lat' dir='ltr'>iudicat</span> <span class='ocrx_word' id='word_1_183' title='bbox 942 1959 953 1987; x_wconf 89' lang='lat'>:</span> <span class='ocrx_word' id='word_1_184' title='bbox 983 1942 1105 2004; x_wconf 88' lang='lat' dir='ltr'>quod</span> <span class='ocrx_word' id='word_1_185' title='bbox 1134 1941 1397 1987; x_wconf 56' lang='lat' dir='ltr'>intelled‘cum</span> <span class='ocrx_word' id='word_1_186' title='bbox 1422 1939 1540 2003; x_wconf 75' lang='lat' dir='ltr'>opti-</span> 
     </span>
     <span class='ocr_line' id='line_1_26' title="bbox 260 2012 1541 2061; baseline -0.002 -1"><span class='ocrx_word' id='word_1_187' title='bbox 260 2029 357 2061; x_wconf 85' lang='lat' dir='ltr'>mae</span> <span class='ocrx_word' id='word_1_188' title='bbox 380 2013 443 2059; x_wconf 86' lang='lat' dir='ltr'>rei</span> <span class='ocrx_word' id='word_1_189' title='bbox 468 2029 519 2060; x_wconf 88' lang='lat' dir='ltr'>ac</span> <span class='ocrx_word' id='word_1_190' title='bbox 550 2012 813 2061; x_wconf 80' lang='lat' dir='ltr'>duteiffimae</span> <span class='ocrx_word' id='word_1_191' title='bbox 849 2013 1000 2061; x_wconf 73' lang='lat' dir='ltr'>amifit.</span> <span class='ocrx_word' id='word_1_192' title='bbox 1032 2016 1103 2060; x_wconf 88' lang='lat' dir='ltr'>An</span> <span class='ocrx_word' id='word_1_193' title='bbox 1137 2026 1183 2060; x_wconf 77' lang='lat' dir='ltr'>ru</span> <span class='ocrx_word' id='word_1_194' title='bbox 1208 2013 1425 2060; x_wconf 83' lang='lat' dir='ltr'>infelicem</span> <span class='ocrx_word' id='word_1_195' title='bbox 1453 2028 1541 2058; x_wconf 70' lang='lat' dir='ltr'>vo-</span> 
     </span>
     <span class='ocr_line' id='line_1_27' title="bbox 259 2086 1539 2150; baseline -0.002 -16"><span class='ocrx_word' id='word_1_196' title='bbox 259 2102 355 2143; x_wconf 87' lang='lat' dir='ltr'>cas,</span> <span class='ocrx_word' id='word_1_197' title='bbox 385 2086 461 2150; x_wconf 84' lang='lat' dir='ltr'>qui&#39;</span> <span class='ocrx_word' id='word_1_198' title='bbox 491 2099 608 2134; x_wconf 87' lang='lat' dir='ltr'>caret</span> <span class='ocrx_word' id='word_1_199' title='bbox 643 2086 733 2134; x_wconf 86' lang='lat' dir='ltr'>acie</span> <span class='ocrx_word' id='word_1_200' title='bbox 764 2088 1025 2144; x_wconf 77' lang='lat' dir='ltr'>oculorum,</span> <span class='ocrx_word' id='word_1_201' title='bbox 1056 2088 1180 2135; x_wconf 85' lang='lat' dir='ltr'>cuius</span> <span class='ocrx_word' id='word_1_202' title='bbox 1209 2104 1331 2134; x_wconf 78' lang='lat' dir='ltr'>aures</span> <span class='ocrx_word' id='word_1_203' title='bbox 1358 2087 1539 2132; x_wconf 83' lang='lat' dir='ltr'>morbus</span> 
     </span>
     <span class='ocr_line' id='line_1_28' title="bbox 260 2158 1540 2223; baseline 0 -19"><span class='ocrx_word' id='word_1_204' title='bbox 260 2158 475 2205; x_wconf 85' lang='lat' dir='ltr'>obstruxit</span> <span class='ocrx_word' id='word_1_205' title='bbox 497 2178 508 2205; x_wconf 93' lang='lat'><strong>:</strong></span> <span class='ocrx_word' id='word_1_206' title='bbox 532 2177 622 2206; x_wconf 90' lang='lat' dir='ltr'>non</span> <span class='ocrx_word' id='word_1_207' title='bbox 644 2175 780 2207; x_wconf 83' lang='lat' dir='ltr'>vocas</span> <span class='ocrx_word' id='word_1_208' title='bbox 801 2159 1002 2206; x_wconf 85' lang='lat' dir='ltr'>miserum</span> <span class='ocrx_word' id='word_1_209' title='bbox 1027 2177 1125 2206; x_wconf 90' lang='lat' dir='ltr'>eum</span> <span class='ocrx_word' id='word_1_210' title='bbox 1140 2196 1153 2217; x_wconf 89' lang='lat'>‚</span> <span class='ocrx_word' id='word_1_211' title='bbox 1180 2159 1254 2223; x_wconf 88' lang='lat' dir='ltr'>qui</span> <span class='ocrx_word' id='word_1_212' title='bbox 1276 2159 1439 2206; x_wconf 82' lang='lat' dir='ltr'>sensum</span> <span class='ocrx_word' id='word_1_213' title='bbox 1463 2158 1540 2204; x_wconf 82' lang='lat' dir='ltr'>be-</span> 
     </span>
    </p>
   </div>
   <div class='ocr_carea' id='block_1_3' title="bbox 259 2229 1580 2296">
    <p class='ocr_par' dir='ltr' id='par_1_4' title="bbox 259 2229 1580 2296">
     <span class='ocr_line' id='line_1_29' title="bbox 259 2229 1580 2296; baseline -0.001 -20"><span class='ocrx_word' id='word_1_214' title='bbox 259 2229 518 2279; x_wconf 77' lang='lat' dir='ltr'>neficiorum</span> <span class='ocrx_word' id='word_1_215' title='bbox 546 2231 713 2278; x_wconf 82' lang='lat' dir='ltr'>amifit?</span> <span class='ocrx_word' id='word_1_216' title='bbox 744 2231 894 2278; x_wconf 84' lang='lat' dir='ltr'>Testes</span> <span class='ocrx_word' id='word_1_217' title='bbox 920 2231 1191 2296; x_wconf 80' lang='lat' dir='ltr'>ingratorum</span> <span class='ocrx_word' id='word_1_218' title='bbox 1213 2232 1413 2278; x_wconf 84' lang='lat' dir='ltr'>omnium</span> <span class='ocrx_word' id='word_1_219' title='bbox 1435 2231 1542 2276; x_wconf 81' lang='lat' dir='ltr'>deos</span> <span class='ocrx_word' id='word_1_220' title='bbox 1578 2291 1580 2293; x_wconf 21' lang='grc' dir='ltr'>Ι</span> 
     </span>
    </p>
   </div>
   <div class='ocr_carea' id='block_1_4' title="bbox 257 2303 1537 2515">
    <p class='ocr_par' dir='ltr' id='par_1_5' title="bbox 257 2303 1537 2515">
     <span class='ocr_line' id='line_1_30' title="bbox 257 2303 1537 2369; baseline -0.001 -20"><span class='ocrx_word' id='word_1_221' title='bbox 257 2303 412 2351; x_wconf 89' lang='lat' dir='ltr'>metuit</span> <span class='ocrx_word' id='word_1_222' title='bbox 430 2340 444 2361; x_wconf 88' lang='lat'>,</span> <span class='ocrx_word' id='word_1_223' title='bbox 465 2304 551 2352; x_wconf 88' lang='lat' dir='ltr'>urit</span> <span class='ocrx_word' id='word_1_224' title='bbox 585 2305 704 2351; x_wconf 71' lang='lat' dir='ltr'>illum</span> <span class='ocrx_word' id='word_1_225' title='bbox 724 2317 767 2351; x_wconf 87' lang='lat' dir='ltr'>et</span> <span class='ocrx_word' id='word_1_226' title='bbox 789 2305 908 2369; x_wconf 81' lang='lat' dir='ltr'>angit</span> <span class='ocrx_word' id='word_1_227' title='bbox 932 2304 1163 2367; x_wconf 81' lang='lat' dir='ltr'>intercepti</span> <span class='ocrx_word' id='word_1_228' title='bbox 1191 2303 1394 2351; x_wconf 33' lang='lat' dir='ltr'>beneficii*</span> <span class='ocrx_word' id='word_1_229' title='bbox 1426 2318 1537 2349; x_wconf 84' lang='lat' dir='ltr'>eon-</span> 
     </span>
     <span class='ocr_line' id='line_1_31' title="bbox 257 2375 1537 2442; baseline -0.002 -19"><span class='ocrx_word' id='word_1_230' title='bbox 257 2375 437 2423; x_wconf 79' lang='lat' dir='ltr'>scientia</span> <span class='ocrx_word' id='word_1_231' title='bbox 463 2395 474 2421; x_wconf 70' lang='grc' dir='ltr'><strong>ε</strong></span> <span class='ocrx_word' id='word_1_232' title='bbox 501 2378 690 2440; x_wconf 69' lang='lat' dir='ltr'>denique</span> <span class='ocrx_word' id='word_1_233' title='bbox 719 2377 814 2424; x_wconf 80' lang='lat' dir='ltr'>satis</span> <span class='ocrx_word' id='word_1_234' title='bbox 842 2378 949 2425; x_wconf 80' lang='lat' dir='ltr'>haec</span> <span class='ocrx_word' id='word_1_235' title='bbox 977 2378 1065 2442; x_wconf 72' lang='lat' dir='ltr'>ipsa</span> <span class='ocrx_word' id='word_1_236' title='bbox 1099 2395 1242 2441; x_wconf 73' lang='lat' dir='ltr'>poena</span> <span class='ocrx_word' id='word_1_237' title='bbox 1272 2394 1423 2439; x_wconf 79' lang='lat' dir='ltr'>mag-na</span> <span class='ocrx_word' id='word_1_238' title='bbox 1448 2375 1537 2433; x_wconf 81' lang='lat' dir='ltr'>est,</span> 
     </span>
     <span class='ocr_line' id='line_1_32' title="bbox 258 2450 1537 2515; baseline -0.003 -18"><span class='ocrx_word' id='word_1_239' title='bbox 258 2451 380 2512; x_wconf 84' lang='lat' dir='ltr'>quod</span> <span class='ocrx_word' id='word_1_240' title='bbox 409 2451 470 2497; x_wconf 85' lang='lat' dir='ltr'>rei</span> <span class='ocrx_word' id='word_1_241' title='bbox 500 2452 581 2514; x_wconf 77' lang='lat' dir='ltr'>(ur</span> <span class='ocrx_word' id='word_1_242' title='bbox 610 2451 843 2515; x_wconf 70' lang='lat' dir='ltr'>dicebam)</span> <span class='ocrx_word' id='word_1_243' title='bbox 872 2451 1207 2500; x_wconf 73' lang='lat' dir='ltr'>iucundiffimae</span> <span class='ocrx_word' id='word_1_244' title='bbox 1233 2450 1420 2497; x_wconf 62' lang='lat' dir='ltr'>frusitum</span> <span class='ocrx_word' id='word_1_245' title='bbox 1447 2464 1537 2494; x_wconf 83' lang='lat' dir='ltr'>non</span> 
     </span>
    </p>
   </div>
  </div>
 </body>
</html>
