1742 2967
372 2 390 14 r

353 148 501 194 -ΒΕ
545 149 964 197 BENEFICIIS
1015 153 1143 198 ΗΒ.
1192 155 1287 200 vu.
1387 169 1476 216 329

210 251 280 300 vis
308 251 408 300 effe.
442 253 635 312 Quidam
662 253 778 300 enim
808 254 1066 302 beneficium
1093 258 1214 319 quod
1234 257 1478 314 dederunt,

211 326 416 372 omnibus
444 326 616 372 circulis
637 340 822 372 narrant.
842 328 930 374 hoc
957 327 1087 374 sobrii
1104 329 1342 390 loquuntur
1359 367 1370 385 ‚
1390 332 1477 376 hoc

207 398 318 443 ebrii
339 414 428 442 non
448 398 671 443 continent
692 413 701 441 :
724 398 810 444 hoc
830 400 989 460 ignotis
1011 400 1235 462 ingerunt,
1262 402 1347 447 hoc
1366 402 1474 448 arni-

207 470 269 517 cis
297 471 590 516 committunt.
617 472 678 516 Ut
700 475 803 517 baec
832 472 964 517 nimia
992 486 1034 518 et
1061 473 1362 533 exprobratrix
1384 490 1474 520 me-

208 543 350 588 moria
368 542 627 598 subsideret,
657 543 855 589 oblivisci
877 560 974 589 eum
997 545 1071 604 qui
1097 545 1240 602 dedit,
1261 544 1473 590 iuffimus:

208 628 250 662 et
270 617 364 678 plus
387 616 644 679 imperando
661 632 793 679 quam
813 616 1013 679 praestari
1037 632 1231 680 poterat,
1262 617 1474 665 silentium

208 690 424 738 suasimus.

271 763 437 809 XXlII.
468 761 655 821 Quoties
680 764 831 824 parum
860 761 1041 808 fiduciae
1067 761 1127 808 est
1155 762 1200 808 in
1227 762 1292 809 his
1320 762 1474 825 quibus

204 835 392 897 imperas
412 871 426 893 ,
454 835 639 897 amplius
664 834 723 882 est
749 835 1012 898 exigendum
1041 852 1170 898 quam
1193 835 1289 883 satis
1314 836 1396 893 est,
1424 849 1472 883 ut

206 907 444 970 praestetur
462 920 669 971 quantum
689 906 783 961 satis
801 906 874 954 est.
892 911 936 953 ln
957 908 1044 955 hoc
1063 909 1206 954 omnis
1225 908 1472 972 hyperbole

206 981 478 1039 extenditur,
509 993 556 1027 ut
588 980 641 1027 ad
675 996 827 1029 verum
863 981 1094 1029 mendacio
1129 981 1292 1032 veniat.
1326 982 1472 1045 Itaque

204 1053 281 1116 qui
300 1052 409 1098 dixit
424 1087 437 1108 ,

274 1140 363 1200 Qui
389 1142 562 1184 candore
591 1141 708 1185 nives
735 1140 956 1197 anteirent,
978 1137 1152 1201 cursibus
1173 1156 1293 1184 auras
1312 1155 1330 1183 :

202 1231 325 1293 quod
355 1247 444 1277 non
476 1243 646 1294 poterat
669 1228 789 1284 fieri,
816 1229 955 1275 dixit:
983 1241 1030 1275 ut
1055 1228 1303 1275 crederetur
1331 1242 1469 1291 quan<

144 1343 148 1348 .
202 1315 295 1351 tum
316 1302 554 1366 plurimum
583 1302 733 1364 poffet.
758 1304 812 1348 Et
838 1302 913 1364 qui
938 1301 1077 1358 dixit,

264 1394 351 1438 His
378 1393 621 1438 immobilior
631 1391 814 1459 spopulis
827 1424 840 1447 ‚
860 1390 1076 1435 violentior
1091 1406 1210 1434 amne
1226 1406 1243 1434 .·

201 1480 365 1528 nemini
383 1480 471 1526 hoc
491 1478 670 1541 quidem
692 1478 731 1524 se
751 1477 1044 1540 persuasurum
1067 1476 1257 1538 putavit,
1278 1476 1467 1539 aliquem

199 1569 288 1603 tam
322 1549 717 1599 immobilem'effe
738 1582 752 1604 ,
788 1547 919 1612 quarn
952 1549 1190 1610 scopulum.
1234 1549 1465 1612 Nunquam

199 1642 367 1677 tantum
388 1629 525 1689 sperat
541 1626 814 1689 hyperbola,
835 1635 1045 1687 quantum
1068 1623 1215 1668 audet:
1234 1621 1304 1667 sed
1325 1622 1466 1669 incre-

200 1703 349 1749 dibilia
365 1703 570 1757 affirmat,
588 1713 634 1747 ut
651 1701 703 1746 ad
723 1698 942 1746 credibilia
961 1699 1197 1760 perveniat.
1227 1697 1341 1742 Cum
1359 1694 1466 1741 dici-

200 1793 321 1834 mus,
353 1775 445 1835 Qui
471 1772 730 1821 beneficium
752 1772 889 1826 dedit,
921 1769 1226 1816 obliviscatur:
1247 1770 1333 1813 hoc
1359 1767 1467 1813 dici-

199 1866 324 1906 mus,
353 1848 498 1895 similis
517 1848 564 1893 fit
585 1846 726 1892 oblito
746 1862 757 1891 ε
781 1843 993 1890 memoria
1016 1842 1105 1889 eius
1125 1858 1215 1887 non
1234 1852 1465 1901 appareat,

198 1941 280 1975 nec
310 1924 510 1970 incurrat.
543 1922 658 1967 Cum
683 1919 891 1976 dicimus,
921 1917 1179 1964 beneficium
1204 1916 1340 1977 repeti
1375 1931 1466 1960 non

198 2009 432 2058 oportere,
452 2011 541 2040 non
567 2010 619 2043 ex
639 2004 736 2038 toto
763 1991 1070 2052 repetitionem
1100 1989 1319 2034 tollimus:
1342 1987 1465 2049 saepe

197 2067 313 2115 enim
339 2084 450 2129 opus
474 2065 533 2112 est
554 2065 675 2113 malis
701 2065 922 2119 exadore,
946 2064 1074 2109 etiam
1106 2061 1233 2107 bonis
1262 2060 1465 2106 admoni-

198 2140 334 2188 tione.
363 2139 482 2199 Quid
507 2142 642 2200 ergo?
669 2135 941 2183 occasionem
964 2134 1180 2197 ignoranti
1208 2150 1298 2180 non
1321 2132 1465 2178 osten-

198 2213 329 2259 dam?
356 2211 618 2259 necessitates
646 2210 708 2256 illi
733 2226 849 2255 meas
867 2226 955 2254 non
980 2209 1172 2270 detegam
1190 2241 1203 2260 ,
1221 2222 1350 2268 quare
1370 2205 1464 2250 nes-

197 2288 299 2334 ciffe
331 2287 372 2333 se
401 2299 473 2332 aut
507 2286 767 2337 mentiatur,
799 2296 870 2329 aut
896 2282 1072 2329 doleat?
1095 2278 1356 2327 Interveniat
1386 2279 1463 2324 ali-

196 2361 374 2423 quando
401 2360 674 2416 admonitio,
710 2359 781 2404 sed
812 2357 1082 2414 verecunda,
1118 2371 1228 2418 quae
1254 2371 1344 2401 non
1362 2353 1462 2416 pos-

196 2448 291 2495 cat,
326 2451 406 2482 nec
437 2435 483 2484 in
519 2434 584 2483 ius
620 2444 768 2483 vocet,
