1742 2967
273 197 320 242 Ι..
354 195 497 242 ANN.
522 196 645 243 SEN.
673 195 758 242 DE
782 195 1093 243 EENEFICIIS
1121 199 1167 245 L.
1193 200 1262 246 111.
1333 214 1418 264 175

141 302 208 349 Ios
221 318 313 349 non
331 301 522 366 ingratos
541 319 746 360 vocares,
761 303 833 350 sed
850 303 1042 350 oblitos:
1061 320 1264 369 tanquam
1284 324 1332 353 ea
1352 293 1430 356 res*

141 373 358 438 ingratum
374 374 569 432 excuset,
594 392 702 439 quae
720 375 834 422 facit.
862 379 928 421 An
948 376 1050 439 quia
1066 377 1150 423 hoc
1173 379 1329 425 accidit
1344 381 1423 426 ali-

144 448 237 505 cui,
258 464 349 493 non
368 446 418 493 fit
442 446 635 509 ingratus
657 465 668 494 :
689 465 787 494 cum
808 448 896 495 hoc
925 464 1015 494 non
1035 449 1227 508 accidat,
1254 451 1330 496 nisi
1359 452 1424 497 in-

146 523 302 586 grato?
336 522 475 568 Multa
493 521 588 569 sunt
610 540 767 586 genera
787 523 1056 586 ingratorum
1073 558 1085 581 ,
1116 536 1163 570 ut
1182 523 1326 571 furum
1340 562 1353 583 ,
1377 538 1424 574 ut

145 594 469 655 homicidarum
486 611 702 657 :quorum
721 612 805 640 una
819 596 944 657 culpa
959 594 1042 652 est,
1063 607 1253 642 ceterum
1267 596 1311 642 in
1329 614 1427 660 par-

146 667 261 714 tibus
282 667 463 714 varietas
478 683 647 729 magna.
668 669 860 729 Ingratus
879 666 964 724 est,
980 667 1054 730 qui
1071 666 1332 714 beneficium
1354 684 1426 715 ac·-

149 741 307 802 cepisse
328 740 369 787 se
389 752 538 804 negat,
559 741 679 803 quod
698 740 892 802 accepit:
915 740 1106 804 ingratus
1122 741 1207 799 est,
1222 743 1295 805 qui
1311 742 1428 789 diffi-

148 814 286 860 mulat
306 832 316 859 z
338 813 529 877 ingratus
544 845 557 867 ‚
589 813 664 876 qui
694 829 786 859 non
814 813 958 859 reddit
979 831 990 859 :
1012 814 1316 876 ingratiffimus
1335 832 1431 862 om«-

149 888 273 936 nium
293 920 307 943 ,
333 888 407 951 qui
435 888 596 934 oblitus
620 886 691 934 est.
731 886 795 932 Illi
821 886 936 932 enim
967 886 998 932 fi
1028 903 1119 933 non
1143 887 1347 947 solvunt,
1368 903 1431 935 ta-

150 977 253 1008 men
273 961 430 1007 debent
452 978 461 1006 ε
483 974 526 1007 et
546 959 679 1007 exstat
702 960 816 1022 apud
836 960 934 1007 illos
952 959 1180 1023 vestigium
1200 973 1314 1006 certe
1336 977 1432 1007 me*

151 1034 361 1089 ritorum,
386 1034 497 1081 intra
522 1034 679 1079 malam
705 1034 1013 1080 conscientiam
1037 1034 1341 1081 conclusorum
1359 1052 1373 1091 ς
1392 1046 1434 1082 et

154 1107 389 1169 aliquando
416 1108 470 1153 ad
489 1107 759 1154 referendam
782 1111 961 1171 gratiam
987 1109 1188 1156 converti
1211 1125 1264 1155 ex
1292 1110 1436 1172 aliqua

154 1180 281 1227 causa
307 1180 506 1242 possunt,
538 1181 568 1226 fi
596 1181 697 1227 illos
729 1182 877 1245 pudor
910 1183 1216 1239 admonuerit,
1239 1181 1268 1227 fi
1301 1182 1438 1229 subita

154 1252 362 1300 honestae
390 1253 452 1299 rei
477 1253 716 1316 cupiditas;
744 1255 880 1317 qualis
906 1254 1011 1300 solet
1038 1255 1092 1299 ad
1111 1269 1282 1316 tempus
1306 1255 1440 1302 etiam

159 1325 204 1373 in
236 1327 359 1373 malis
388 1318 641 1389 pectoribus
669 1327 926 1391 exsurgere:
957 1328 987 1373 si
1020 1327 1275 1375 invitaverit
1303 1326 1442 1373 facilis

158 1399 361 1444 occasio:
384 1399 454 1445 hic
476 1417 695 1463 nunquam
723 1399 817 1447 fieri
844 1412 987 1464 gratus
1014 1400 1156 1464 potest
1171 1436 1183 1457 ,
1205 1401 1276 1446 cui
1296 1412 1442 1448 totum

159 1469 421 1519 beneficium
454 1472 645 1534 elapsum
682 1473 755 1519 est.
791 1477 842 1521 Et
872 1488 1018 1520 utrum
1046 1485 1092 1518 tu
1120 1472 1318 1534 peiorem
1351 1484 1445 1518 voa

159 1558 260 1599 cas,
291 1544 407 1605 apud
431 1561 562 1607 quem
590 1546 726 1608 gratia
751 1545 951 1592 beneficii
979 1544 1226 1601 intercidit,
1248 1561 1300 1589 an
1329 1543 1446 1606 apud

160 1632 293 1678 quem
315 1617 445 1662 etiam
477 1618 689 1663 memoria
710 1620 727 1664 ?
762 1618 923 1665 Vitiosi
943 1619 1062 1665 oculi
1086 1619 1180 1664 sunt
1207 1617 1281 1680 qui
1301 1617 1445 1664 lucem

161 1690 452 1736 reformidant
473 1707 483 1736 :
509 1691 654 1745 caeci,
675 1691 749 1754 qui
771 1707 860 1737 non
879 1691 1042 1738 vident.
1059 1694 1111 1736 Et
1131 1703 1327 1752 parentes
1346 1690 1447 1736 suos

164 1779 256 1810 non
284 1780 428 1809 amare
447 1799 460 1821 ,
495 1764 695 1826 impietas
724 1765 783 1811 est
814 1783 824 1810 :
857 1781 946 1810 non
977 1765 1241 1828 agnoscere,
1273 1764 1452 1825 insania,

165 1838 279 1898 Quis
299 1854 384 1884 tam
406 1839 597 1902 ingratus
616 1838 676 1884 est
692 1875 705 1895 ,
726 1856 860 1902 quam
881 1840 956 1902 qui
976 1839 1099 1902 quod
1124 1839 1170 1884 in
1195 1838 1331 1901 prima
1353 1828 1457 1900 par-⁸

165 1925 210 1957 te
242 1911 376 1956 animi
403 1911 591 1974 positum
624 1912 709 1958 effe
730 1912 908 1969 debuit,
933 1927 976 1959 et
1003 1911 1172 1973 semper
1196 1921 1449 1967 occurrere,

166 1979 227 2028 ita
258 1981 445 2044 seposuit
468 1995 511 2029 et
536 1983 717 2040 abiecit,
743 1996 791 2029 ut
821 1984 865 2029 in
897 1983 1189 2045 ignorantiam
1220 1982 1446 2028 verteret?

167 2068 344 2115 apparet
371 2055 489 2100 illum
520 2071 610 2100 non
641 2056 763 2118 saepe
790 2056 843 2102 de
870 2055 1096 2102 reddendo
1121 2053 1354 2117 cogitasse,
1378 2053 1449 2100 cui

170 2126 362 2188 obrepsit
382 2128 566 2174 oblivio.

236 2202 286 2246 Π.
335 2202 547 2264 Denique
576 2203 629 2249 ad
669 2201 934 2248 reddendam
967 2201 1176 2264 gratiam,
1210 2212 1255 2247 et
1287 2199 1450 2245 virtute

173 2285 288 2331 opus
304 2272 365 2317 est
378 2308 389 2327 ,
416 2286 458 2318 et
478 2286 676 2333 tempore
691 2308 705 2329 ‚
724 2286 767 2318 et
787 2271 986 2317 facultate
999 2308 1011 2327 ‚
1030 2286 1072 2317 et
1095 2271 1334 2332 adspirante
1358 2269 1452 2315 for·

173 2355 290 2391 tuna.
320 2347 412 2406 Qui
437 2347 655 2402 meminit,
677 2348 764 2393 sine
792 2346 1021 2408 impendio
1054 2363 1196 2410 gratus
1223 2345 1294 2391 est.
1325 2346 1452 2401 Hoc,

175 2418 298 2479 quod
331 2436 420 2465 non
453 2436 633 2482 operam
668 2420 828 2482 exigit,
861 2435 950 2463 non
980 2434 1112 2479 opes,
1142 2434 1232 2462 non
1265 2416 1452 2462 felicita·

176 2503 293 2553 tem,
319 2493 396 2558 qui
426 2509 518 2540 non
543 2491 754 2556 praestat,
788 2490 954 2538 nullum
982 2490 1138 2550 habet,
1174 2505 1266 2553 quo
1296 2489 1454 2548 lateat,
