1742 2967
316 203 372 252 50
567 190 615 237 L.
657 188 952 236 ANNAEI
1001 187 1350 239 SENECAE

310 293 430 357 quias
449 294 565 342 vitae
582 295 661 342 tibi
685 295 900 343 reservare
916 331 928 354 ,
948 309 992 343 et
1012 297 1056 343 id
1075 297 1212 344 solum
1237 310 1408 360 tempus
1428 297 1570 346 bonae

314 368 449 414 menti
466 367 675 414 destinare
688 404 700 423 ,
719 369 842 431 quod
861 369 905 415 in
921 370 1077 415 nullam
1096 387 1185 416 rem
1205 370 1395 418 conferri
1413 371 1567 433 poffit?

311 441 458 499 Quam
478 440 615 485 serum
635 439 718 498 est,
736 455 838 487 tunc
856 440 1006 487 vivere
1020 440 1211 503 incipere
1225 476 1238 499 ,
1257 458 1357 488 cum
1378 441 1572 489 desinen-

309 513 412 559 dum
446 514 535 561 est?
573 530 682 577 quae
712 526 798 560 tam
832 515 953 561 stulta
985 514 1254 562 mortalitatis
1285 515 1454 562 oblivio
1473 550 1487 574 ,
1519 515 1566 562 in

309 588 710 653 quinquagesimum
728 604 769 635 et
784 588 1088 651 sexagefimum
1107 604 1267 634 annum
1285 586 1458 635 differre
1472 587 1570 634 sana

310 662 486 708 consilia
508 680 520 708 ε
549 674 592 708 et
620 661 720 707 inde
743 662 854 708 velle
880 654 1018 708 v‘itam
1045 662 1252 707 inchoare
1272 696 1285 719 ‚
1315 677 1405 724 quo
1435 660 1565 722 pauci

310 733 640 796 perduxerunt?
670 734 1000 791 Ροῐεηῑίίῖιηιίε,
1025 746 1066 780 et
1086 734 1130 779 in
1149 735 1283 779 altum
1301 733 1472 780 sublatis
1489 733 1572 779 ho-

309 808 526 863 minibus,
554 806 754 854 excidere
781 823 912 854 voces
938 807 1132 864 videbis,
1153 807 1309 869 quibus
1329 803 1571 868 otium'op-

310 872 426 938 tent,
441 881 632 937 laudent,
651 879 853 926 omnibus
870 879 995 926 bonis
1012 878 1091 926 suis
1109 878 1360 940 praeferant.
1377 879 1572 941 Cupiunt

309 953 478 1000 interim
502 971 554 1000 ex
575 953 649 999 {110
668 951 836 1016 fastigio
854 953 951 1010 suo,
971 953 1002 998 fi
1020 965 1114 999 tuto
1134 952 1256 999 liceat
1269 985 1283 1008 ‚
1301 951 1575 1000 descendere.

310 1029 422 1089 Nam
456 1041 503 1073 ut
534 1025 637 1072 nihil
660 1041 782 1073 extra
808 1025 1004 1084 lacessat,
1030 1037 1102 1073 aut
1128 1025 1288 1089 quatiat
1312 1043 1323 1087 ς
1349 1024 1392 1071 in
1418 1024 1458 1072 se
1482 1025 1573 1087 ipsa

310 1099 485 1146 fortuna
510 1097 608 1145 ruit.

379 1176 435 1218 V.
461 1171 606 1218 'Divus
627 1168 863 1233 Augustus,
884 1169 954 1217 cui
974 1169 1033 1216 dii
1054 1171 1176 1230 plura
1197 1184 1326 1233 quam
1349 1168 1426 1216 uili
1445 1186 1574 1233 prae-

312 1248 534 1302 stiterunt,
567 1261 656 1291 non
686 1244 807 1290 desiit
834 1244 1021 1308 quietem
1047 1243 1130 1289 sibiv
1152 1243 1342 1304 precari,
1370 1242 1572 1289 vacatio-

311 1339 412 1368 nem
433 1337 456 1365 a
481 1317 716 1380 Republica
748 1330 907 1380 petere.
941 1319 1099 1365 Omnis
1123 1318 1214 1364 eius
1237 1319 1380 1364 sermo
1402 1317 1456 1362 ad
1484 1317 1571 1364 hoc

312 1394 479 1456 semper
498 1392 722 1440 revolutus
740 1392 826 1449 est,
844 1407 892 1438 ut
911 1391 984 1437 fibi
1006 1393 1190 1453 speraret
1208 1392 1362 1438 otium.
1391 1392 1490 1438 Hoc
1512 1391 1573 1436 la-

312 1467 439 1512 bores
460 1466 556 1512 suos
570 1500 583 1523 ‚
603 1465 762 1511 etiamsi
783 1464 888 1511 falso
903 1499 920 1522 ,
944 1464 1060 1510 dulci
1076 1476 1220 1510 tamen
1242 1464 1479 1509 oblectabat
1499 1462 1574 1509 so-

313 1539 441 1593 bino,
461 1538 691 1600 aliquando
716 1538 757 1584 se
774 1537 991 1584 victurum
1009 1537 1098 1584 fibi.
1114 1540 1160 1584 In
1179 1538 1361 1600 quadam
1381 1537 1434 1582 ad
1454 1537 1571 1582 sena·

313 1624 406 1657 tum
433 1610 550 1656 miss'a
577 1610 780 1672 epistola,
812 1628 909 1657 cum
930 1610 1123 1672 requiem
1147 1610 1261 1656 suam
1283 1625 1371 1655 non
1391 1625 1574 1655 vacuam

314 1684 412 1730 fore
444 1683 660 1746 dignitatis
680 1719 693 1740 ,
731 1701 811 1730 nec
842 1701 865 1729 a
894 1684 1041 1744 priore
1068 1683 1204 1745 gloria
1233 1681 1539 1743 discrepantem
1559 1712 1575 1736 ‚

315 1756 530 1818 poilicitus
552 1754 679 1812 effer,
701 1755 803 1802 haec
822 1756 953 1802 verba
968 1755 1117 1800 inveni
1138 1773 1146 1800 :
1167 1755 1251 1800 Sed
1273 1754 1347 1799 ista
1367 1752 1458 1798 fieri
1478 1752 1575 1815 spe·

316 1828 467 1873 ciofius
488 1863 501 1882 ,
537 1844 664 1890 quam
699 1828 892 1889 promitti
927 1827 1112 1888 poffunt.
1137 1844 1207 1879 me
1238 1838 1383 1872 tamen
1412 1826 1578 1887 cupido

315 1900 523 1962 temporis
545 1901 795 1963 optatiffimi
818 1900 947 1956 mihi,
969 1899 1197 1960 provexit,
1218 1911 1264 1944 ut
1282 1897 1489 1960 quoniam
1508 1914 1576 1944 re·

314 1989 409 2017 rum
428 1972 582 2017 laetitia
603 1984 794 2018 moratur
813 1972 952 2016 adhuc
967 2007 980 2026 ,
1000 1970 1292 2032 praeciperem
1312 1969 1473 2030 aliquid
1492 1985 1575 2015 vo-

315 2043 488 2105 luptatis
517 2061 571 2090 ex
600 2044 838 2090 verborum
870 2043 1109 2088 dulcedine.
1136 2043 1275 2086 Tanta
1306 2039 1394 2086 visa
1420 2040 1480 2086 est
1506 2056 1575 2088 res

317 2116 455 2161 otium
474 2150 486 2172 ,
507 2129 554 2161 ut
573 2115 683 2160 illam
701 2151 713 2171 ‚
742 2116 840 2177 quia
869 2114 944 2160 usu
970 2130 1060 2160 non
1087 2126 1286 2176 poterat,
1311 2113 1575 2176 cogitatione

318 2189 621 2250 praesumeret.
649 2189 740 2246 Qui
765 2187 911 2232 omnia
929 2186 1107 2234 videbat
1131 2203 1185 2232 ex
1207 2187 1248 2232 se
1272 2202 1361 2231 uno
1380 2185 1574 2247 penden-

317 2262 373 2307 tia
392 2296 403 2317 ,
424 2261 497 2323 qui
517 2260 764 2306 hominibus
788 2260 1066 2323 gentibusque
1093 2259 1314 2305 fortunam
1344 2258 1493 2313 dabat,
1520 2257 1574 2302 il-

317 2333 408 2377 lum
438 2333 552 2378 diem
575 2333 817 2378 laetissimus
842 2332 1088 2394 cogitabat,
1117 2348 1210 2394 quo
1235 2328 1573 2393 magnitudinem

317 2404 431 2448 suam
448 2419 637 2450 exueret.
666 2406 873 2465 Expertus
890 2416 1003 2463 erat,
1023 2420 1225 2468 quantum
1247 2404 1315 2448 illa
1333 2403 1470 2457 bona,
1498 2419 1574 2463 per

316 2492 469 2523 omnes
497 2489 626 2523 terras
654 2476 882 2541 fulgentia,
911 2478 1078 2525 sudoris
1098 2478 1416 2541 exprimerent,
1434 2492 1571 2539 quan-
