1742 2967
336 218 399 274 '54
577 214 948 261 LANNAEI
999 216 1344 263 SENECAE

334 319 433 377 tiis,
453 317 634 376 officiis,
667 319 964 383 voluptatibus
990 322 1322 381 renuntiassent,
1354 323 1441 371 hoc
1460 340 1596 371 unum

333 388 379 434 in
406 403 640 436 extremam
668 406 804 452 usque
830 403 1012 438 aetatem
1039 406 1238 455 egerunt,
1266 406 1314 440 ut
1336 395 1489 442 vivere
1513 395 1595 442 sci-

333 474 462 508 rent:
490 462 632 523 plures
658 474 802 510 tamen
831 479 884 510 ex
911 464 975 512 his
998 467 1194 513 nondum
1222 467 1263 514 se
1291 467 1394 514 scire
1421 469 1594 515 confes-

331 533 384 591 fi,
403 551 428 580 e
452 535 540 580 vita
560 534 759 581 abierunt
780 553 790 581 ε
812 537 972 582 nedum
991 551 1039 589 ut
1060 538 1125 586 isti
1146 537 1289 585 sciant.
1318 541 1490 604 Magni,
1510 541 1595 587 mi-

330 605 374 652 hi
400 607 526 653 crede
546 639 559 662 ,
587 621 630 654 et
659 607 785 671 supra
815 608 1025 656 humanos
1055 627 1224 657 errores
1251 612 1479 660 eminentis
1509 614 1595 662 viri

327 677 411 733 est,
443 678 546 724 nihil
564 695 615 725 ex
634 679 710 725 suo
735 693 936 742 tempore
961 682 1136 729 delibari
1153 682 1286 730 finere
1307 705 1315 728 :
1337 697 1379 731 et
1403 685 1504 732 ideo
1523 686 1594 732 vi-

327 765 371 796 ta
406 749 495 796 eius
523 746 763 813 longissima
791 751 878 808 est,
908 752 976 798 cui
1006 766 1387 817 quantumcunque
1425 756 1562 817 patuit
1581 790 1596 811 ‚

327 835 470 868 totum
492 821 569 884 ipsi
595 823 781 870 vacavit,
809 824 930 869 Nihil
951 823 1052 871 inde
1072 825 1286 873 incultum
1311 826 1591 891 otiosumque

326 894 457 941 iacuit
480 912 491 940 ε
513 893 621 940 nihil
637 894 713 941 sub
736 895 823 942 alio
850 895 948 948 fuit*
965 914 1106 961 neque
1124 899 1239 945 enim
1261 900 1499 963 quidquam
1521 917 1592 945 re-

324 964 437 1029 perit
462 966 640 1030 dignum
657 1000 670 1022 ‚
704 969 825 1031 quod
858 986 957 1017 cum
986 985 1187 1033 tempore
1219 971 1298 1018 suo
1324 984 1591 1034 permutaret

324 1038 467 1090 custos
491 1039 580 1086 eius
608 1039 891 1102 parciffimus.
924 1044 1070 1105 Itaque
1093 1042 1188 1089 satis
1212 1042 1271 1089 illi
1298 1043 1390 1091 fuit.
1415 1045 1482 1091 his
1507 1061 1590 1092 ve-

324 1129 378 1160 ro
414 1115 582 1163 neceffe
615 1115 676 1161 est
708 1116 887 1164 defuisse
909 1151 924 1175 ,
962 1133 1016 1162 ex
1051 1134 1241 1181 quorum
1279 1119 1370 1168 vita
1404 1119 1588 1169 multum

323 1188 510 1248 populus
554 1188 663 1235 tulit.
694 1190 789 1237 Nec
825 1189 886 1236 est
912 1190 1035 1252 quod
1059 1203 1208 1252 putes,
1247 1191 1347 1242 hinc
1375 1191 1471 1238 illos
1499 1208 1589 1238 non

320 1259 560 1324 intelligere
600 1263 806 1309 damnum
840 1263 977 1310 suum.
1017 1263 1251 1329 plerosque
1287 1276 1403 1312 certe
1440 1265 1588 1312 audies

318 1344 373 1374 ex
398 1333 465 1375 his
489 1346 601 1393 quos
627 1347 779 1394 magna
810 1334 989 1381 felicitas
1020 1351 1199 1398 gravat,
1227 1336 1339 1383 inter
1361 1335 1585 1383 clientium

317 1417 503 1464 greges,
543 1418 614 1450 aut
642 1403 862 1451 causarum
893 1406 1081 1466 afflones
1101 1443 1114 1463 ,
1145 1419 1216 1456 aut
1247 1421 1408 1455 ceteras
1443 1407 1586 1454 hone·

317 1471 399 1519 stas
424 1473 612 1521 miserias
638 1475 877 1523 exclamare
905 1475 1147 1534 interdum,
1174 1477 1288 1522 Mihi
1315 1477 1466 1528 vivere
1492 1495 1584 1525 non

315 1544 432 1593 licet.
471 1548 592 1609 Quid
629 1548 673 1595 ni
708 1566 798 1596 non
833 1549 990 1596 liceat?
1031 1566 1185 1597 omnes
1224 1551 1282 1596 illi
1313 1551 1387 1612 qui
1422 1564 1464 1597 te
1506 1551 1582 1599 fibi

316 1620 562 1681 advocant,
588 1622 668 1670 tibi
671 1602 929 1670 abducunt.
962 1623 1035 1670 lile
1061 1640 1155 1670 reus
1179 1636 1289 1687 quot
1316 1593 1406 1672 dies
1436 1624 1581 1671 abstu-

313 1695 392 1742 lit.
382 1695 399 1730 ²
429 1709 542 1758 quot
563 1697 633 1745 isse
663 1696 950 1744 candidatus?
972 1708 1080 1759 quot
1108 1697 1174 1742 iila
1195 1714 1319 1752 anus,
1353 1697 1583 1745 efferendis

312 1768 542 1816 heredibus
572 1769 704 1816 laffa?
737 1780 846 1832 quot
877 1767 948 1815 ille
983 1769 1038 1815 ad
1074 1769 1325 1816 irritandam
1354 1770 1578 1817 avaritiam

310 1843 576 1902 captantium
596 1841 812 1888 simulatus
830 1838 989 1902 aeger?
1013 1853 1119 1902 quot
1134 1841 1204 1886 isse
1223 1842 1447 1903 potentior
1469 1843 1579 1888 ami*

309 1929 408 1968 cus,
436 1914 509 1974 qui
542 1930 623 1960 vos
654 1930 745 1958 non
768 1912 813 1958 in
839 1911 1028 1958 amicitia
1046 1948 1061 1970 ,
1091 1913 1161 1959 sed
1184 1912 1228 1958 in
1260 1917 1464 1976 apparatu
1496 1915 1576 1960 ha-

306 1984 412 2030 bet?
440 1986 690 2048 Dispunge,
706 1985 883 2047 inquam
898 2014 912 2038 ,
933 2000 982 2030 ac
1003 1985 1172 2030 recense
1191 1985 1306 2033 vitae
1333 2000 1430 2032 tuae
1457 1986 1546 2033 dies
1565 2003 1576 2035 ε

306 2057 476 2106 videbis
503 2074 666 2120 paucos
687 2055 926 2103 admodum
948 2068 991 2102 et
1018 2057 1221 2106 reiiculos
1241 2058 1356 2120 apud
1386 2073 1428 2104 te
1459 2057 1574 2104 rese*

305 2128 425 2179 disse.
459 2129 686 2178 Affecutus
708 2128 779 2174 ille
793 2143 906 2191 quos
924 2142 1154 2190 optaverat
1178 2129 1329 2188 fasces,
1353 2129 1472 2192 cupit
1492 2146 1576 2192 po,-

304 2218 435 2259 nere,
465 2213 509 2253 et
537 2200 715 2248 subinde
743 2200 882 2247 dicit:
914 2202 1109 2261 Quando
1130 2203 1200 2248 hic
1227 2219 1362 2250 annus
1379 2214 1575 2265 praeter-

303 2274 415 2321 ibit?
444 2275 561 2322 Facit
589 2273 658 2320 ine
683 2274 838 2330 1ud03‚
874 2289 1061 2336 quorum
1089 2275 1248 2323 sortem
1272 2275 1348 2321 fibi
1372 2274 1574 2336 obtinge-

301 2364 350 2393 re
380 2364 538 2410 magno
568 2345 812 2393 aestimavit
842 2363 853 2390 :
887 2348 1108 2407 Quando,
1140 2346 1311 2410 inquit,
1332 2345 1435 2393 istos
1462 2344 1575 2392 effu-

299 2420 448 2483 giam?
481 2420 699 2482 Diripitur
724 2420 792 2466 iiie
819 2433 916 2467 toto
946 2421 1048 2467 foro
1078 2435 1314 2483 patronus,
1343 2433 1386 2467 et
1412 2437 1573 2482 magno

300 2492 513 2551 eoncurt'u
531 2495 675 2550 omnia
686 2530 701 2557 ,h
718 2494 826 2542 ultra
853 2510 983 2561 quam
1001 2495 1139 2545 audiri
1159 2495 1304 2559 potest
1321 2530 1336 2556 ,
1352 2495 1543 2568 complet
1559 2512 1572 2550 ς
