<?xml version="1.0" encoding="UTF-8"?>
<!DOCTYPE html PUBLIC "-//W3C//DTD XHTML 1.0 Transitional//EN"
    "http://www.w3.org/TR/xhtml1/DTD/xhtml1-transitional.dtd">
<html xmlns="http://www.w3.org/1999/xhtml" xml:lang="en" lang="en">
 <head>
  <title>
</title>
<meta http-equiv="Content-Type" content="text/html;charset=utf-8" />
  <meta name='ocr-system' content='tesseract 3.04.00' />
  <meta name='ocr-capabilities' content='ocr_page ocr_carea ocr_par ocr_line ocrx_word'/>
</head>
<body>
  <div class='ocr_page' id='page_1' title='image "./lannaeisenecaeph02seneuoft_0102.png"; bbox 0 0 1742 2967; ppageno 0'>
   <div class='ocr_carea' id='block_1_1' title="bbox 327 180 1370 232">
    <p class='ocr_par' dir='ltr' id='par_1_1' title="bbox 327 180 1370 232">
     <span class='ocr_line' id='line_1_1' title="bbox 327 180 1370 232; baseline 0.006 -6"><span class='ocrx_word' id='word_1_1' title='bbox 327 180 387 227; x_wconf 80' lang='lat'>86</span> <span class='ocrx_word' id='word_1_2' title='bbox 586 183 962 228; x_wconf 82' lang='lat' dir='ltr'>L.ANNAE1</span> <span class='ocrx_word' id='word_1_3' title='bbox 1014 182 1370 232; x_wconf 84' lang='lat' dir='ltr'><strong>SENECAE</strong></span> 
     </span>
    </p>
   </div>
   <div class='ocr_carea' id='block_1_2' title="bbox 323 287 1606 2524">
    <p class='ocr_par' dir='ltr' id='par_1_2' title="bbox 323 287 1606 2524">
     <span class='ocr_line' id='line_1_2' title="bbox 323 287 1585 353; baseline 0.006 -24"><span class='ocrx_word' id='word_1_4' title='bbox 323 295 411 329; x_wconf 87' lang='lat' dir='ltr'>tem</span> <span class='ocrx_word' id='word_1_5' title='bbox 432 319 446 340; x_wconf 92' lang='lat'><strong>,</strong></span> <span class='ocrx_word' id='word_1_6' title='bbox 476 301 554 332; x_wconf 86' lang='lat' dir='ltr'>nec</span> <span class='ocrx_word' id='word_1_7' title='bbox 587 302 666 333; x_wconf 87' lang='lat' dir='ltr'>nos</span> <span class='ocrx_word' id='word_1_8' title='bbox 698 287 835 332; x_wconf 78' lang='lat' dir='ltr'>aliena</span> <span class='ocrx_word' id='word_1_9' title='bbox 869 287 1166 348; x_wconf 83' lang='lat' dir='ltr'>poffederint3</span> <span class='ocrx_word' id='word_1_10' title='bbox 1195 290 1226 336; x_wconf 87' lang='lat' dir='ltr'>fi</span> <span class='ocrx_word' id='word_1_11' title='bbox 1255 289 1434 352; x_wconf 85' lang='lat' dir='ltr'>corpori</span> <span class='ocrx_word' id='word_1_12' title='bbox 1468 301 1585 353; x_wconf 82' lang='lat' dir='ltr'>grata</span> 
     </span>
     <span class='ocr_line' id='line_1_3' title="bbox 324 357 1586 423; baseline 0.007 -24"><span class='ocrx_word' id='word_1_13' title='bbox 324 368 368 401; x_wconf 88' lang='lat' dir='ltr'>et</span> <span class='ocrx_word' id='word_1_14' title='bbox 391 357 626 403; x_wconf 78' lang='lat' dir='ltr'>adventitia</span> <span class='ocrx_word' id='word_1_15' title='bbox 647 375 702 404; x_wconf 88' lang='lat' dir='ltr'>eo</span> <span class='ocrx_word' id='word_1_16' title='bbox 733 359 859 405; x_wconf 83' lang='lat' dir='ltr'>nobis</span> <span class='ocrx_word' id='word_1_17' title='bbox 882 359 985 404; x_wconf 90' lang='lat' dir='ltr'>loco</span> <span class='ocrx_word' id='word_1_18' title='bbox 1005 359 1162 407; x_wconf 86' lang='lat' dir='ltr'>fuerint</span> <span class='ocrx_word' id='word_1_19' title='bbox 1179 396 1192 418; x_wconf 91' lang='lat'>‚</span> <span class='ocrx_word' id='word_1_20' title='bbox 1221 378 1310 423; x_wconf 89' lang='lat' dir='ltr'>quo</span> <span class='ocrx_word' id='word_1_21' title='bbox 1335 361 1493 408; x_wconf 84' lang='lat' dir='ltr'>suntin</span> <span class='ocrx_word' id='word_1_22' title='bbox 1514 379 1586 408; x_wconf 87' lang='lat' dir='ltr'>ca-</span> 
     </span>
     <span class='ocr_line' id='line_1_4' title="bbox 323 427 1586 490; baseline 0.006 -18"><span class='ocrx_word' id='word_1_23' title='bbox 323 427 417 478; x_wconf 73' lang='lat' dir='ltr'>stris</span> <span class='ocrx_word' id='word_1_24' title='bbox 447 431 629 486; x_wconf 80' lang='lat' dir='ltr'>auxilia,</span> <span class='ocrx_word' id='word_1_25' title='bbox 650 443 693 477; x_wconf 92' lang='lat' dir='ltr'>et</span> <span class='ocrx_word' id='word_1_26' title='bbox 718 447 953 477; x_wconf 75' lang='lat' dir='ltr'>armaturae</span> <span class='ocrx_word' id='word_1_27' title='bbox 982 431 1112 479; x_wconf 86' lang='lat' dir='ltr'>leves.</span> <span class='ocrx_word' id='word_1_28' title='bbox 1144 434 1337 480; x_wconf 59' lang='lat' dir='ltr'>Serviunt</span> <span class='ocrx_word' id='word_1_29' title='bbox 1364 432 1469 490; x_wconf 82' lang='lat' dir='ltr'>ista,</span> <span class='ocrx_word' id='word_1_30' title='bbox 1495 448 1586 480; x_wconf 85' lang='lat' dir='ltr'>non</span> 
     </span>
     <span class='ocr_line' id='line_1_5' title="bbox 325 499 1588 561; baseline 0.006 -17"><span class='ocrx_word' id='word_1_31' title='bbox 325 499 542 561; x_wconf 87' lang='lat' dir='ltr'>imperent</span> <span class='ocrx_word' id='word_1_32' title='bbox 576 520 587 549; x_wconf 72' lang='grc' dir='ltr'>ε</span> <span class='ocrx_word' id='word_1_33' title='bbox 627 505 686 550; x_wconf 86' lang='lat' dir='ltr'>ita</span> <span class='ocrx_word' id='word_1_34' title='bbox 715 505 889 549; x_wconf 85' lang='lat' dir='ltr'>demum</span> <span class='ocrx_word' id='word_1_35' title='bbox 923 504 1038 550; x_wconf 80' lang='lat' dir='ltr'>utilia</span> <span class='ocrx_word' id='word_1_36' title='bbox 1071 506 1166 552; x_wconf 90' lang='lat' dir='ltr'>sunt</span> <span class='ocrx_word' id='word_1_37' title='bbox 1197 507 1345 553; x_wconf 86' lang='lat' dir='ltr'>menti.</span> <span class='ocrx_word' id='word_1_38' title='bbox 1382 508 1588 552; x_wconf 87' lang='lat' dir='ltr'>Incorru-</span> 
     </span>
     <span class='ocr_line' id='line_1_6' title="bbox 326 574 1588 639; baseline 0.004 -21"><span class='ocrx_word' id='word_1_39' title='bbox 326 586 425 634; x_wconf 81' lang='lat' dir='ltr'>ptus</span> <span class='ocrx_word' id='word_1_40' title='bbox 447 574 515 619; x_wconf 87' lang='lat' dir='ltr'>vir</span> <span class='ocrx_word' id='word_1_41' title='bbox 533 576 580 620; x_wconf 77' lang='lat' dir='ltr'>sit</span> <span class='ocrx_word' id='word_1_42' title='bbox 596 577 801 631; x_wconf 83' lang='lat' dir='ltr'>externis,</span> <span class='ocrx_word' id='word_1_43' title='bbox 817 589 860 622; x_wconf 85' lang='lat' dir='ltr'>et</span> <span class='ocrx_word' id='word_1_44' title='bbox 878 576 1184 638; x_wconf 82' lang='lat' dir='ltr'>insuperabilis,</span> <span class='ocrx_word' id='word_1_45' title='bbox 1204 579 1470 639; x_wconf 79' lang='lat' dir='ltr'>miratorque</span> <span class='ocrx_word' id='word_1_46' title='bbox 1490 589 1588 622; x_wconf 84' lang='lat' dir='ltr'>tan-</span> 
     </span>
     <span class='ocr_line' id='line_1_7' title="bbox 325 646 1590 711; baseline 0.001 -18"><span class='ocrx_word' id='word_1_47' title='bbox 325 657 421 693; x_wconf 85' lang='lat' dir='ltr'>tum</span> <span class='ocrx_word' id='word_1_48' title='bbox 454 646 517 692; x_wconf 90' lang='lat' dir='ltr'>sui</span> <span class='ocrx_word' id='word_1_49' title='bbox 538 665 547 691; x_wconf 90' lang='lat'>:</span> <span class='ocrx_word' id='word_1_50' title='bbox 569 647 704 694; x_wconf 84' lang='lat' dir='ltr'>fidens</span> <span class='ocrx_word' id='word_1_51' title='bbox 725 648 884 706; x_wconf 83' lang='lat' dir='ltr'>animi,</span> <span class='ocrx_word' id='word_1_52' title='bbox 922 663 1050 711; x_wconf 67' lang='lat' dir='ltr'>atque</span> <span class='ocrx_word' id='word_1_53' title='bbox 1077 650 1120 694; x_wconf 90' lang='lat' dir='ltr'>in</span> <span class='ocrx_word' id='word_1_54' title='bbox 1142 664 1374 711; x_wconf 88' lang='lat' dir='ltr'>utrumque</span> <span class='ocrx_word' id='word_1_55' title='bbox 1398 663 1590 711; x_wconf 83' lang='lat' dir='ltr'>paratus,</span> 
     </span>
     <span class='ocr_line' id='line_1_8' title="bbox 325 715 1592 777; baseline 0.004 -16"><span class='ocrx_word' id='word_1_56' title='bbox 325 715 483 763; x_wconf 79' lang='lat' dir='ltr'>artifex</span> <span class='ocrx_word' id='word_1_57' title='bbox 510 719 634 766; x_wconf 80' lang='lat' dir='ltr'>vitae.</span> <span class='ocrx_word' id='word_1_58' title='bbox 667 720 842 766; x_wconf 78' lang='lat' dir='ltr'>Fiducia</span> <span class='ocrx_word' id='word_1_59' title='bbox 871 720 966 767; x_wconf 83' lang='lat' dir='ltr'>eius</span> <span class='ocrx_word' id='word_1_60' title='bbox 990 737 1080 766; x_wconf 87' lang='lat' dir='ltr'>non</span> <span class='ocrx_word' id='word_1_61' title='bbox 1110 721 1194 767; x_wconf 87' lang='lat' dir='ltr'>fine</span> <span class='ocrx_word' id='word_1_62' title='bbox 1221 720 1392 768; x_wconf 81' lang='lat' dir='ltr'>scientia</span> <span class='ocrx_word' id='word_1_63' title='bbox 1416 721 1496 777; x_wconf 89' lang='lat' dir='ltr'>fit,</span> <span class='ocrx_word' id='word_1_64' title='bbox 1514 721 1592 766; x_wconf 86' lang='lat' dir='ltr'>sci-</span> 
     </span>
     <span class='ocr_line' id='line_1_9' title="bbox 326 788 1592 856; baseline 0.004 -23"><span class='ocrx_word' id='word_1_65' title='bbox 326 790 440 835; x_wconf 81' lang='lat' dir='ltr'>entia</span> <span class='ocrx_word' id='word_1_66' title='bbox 471 808 560 837; x_wconf 87' lang='lat' dir='ltr'>non</span> <span class='ocrx_word' id='word_1_67' title='bbox 589 792 674 838; x_wconf 80' lang='lat' dir='ltr'>sine</span> <span class='ocrx_word' id='word_1_68' title='bbox 705 793 968 840; x_wconf 73' lang='lat' dir='ltr'>constantia:</span> <span class='ocrx_word' id='word_1_69' title='bbox 995 806 1192 839; x_wconf 77' lang='lat' dir='ltr'>maneant</span> <span class='ocrx_word' id='word_1_70' title='bbox 1214 794 1273 840; x_wconf 82' lang='lat' dir='ltr'>illi</span> <span class='ocrx_word' id='word_1_71' title='bbox 1305 794 1432 840; x_wconf 75' lang='lat' dir='ltr'>semel</span> <span class='ocrx_word' id='word_1_72' title='bbox 1460 788 1592 856; x_wconf 83' lang='lat' dir='ltr'>placi-</span> 
     </span>
     <span class='ocr_line' id='line_1_10' title="bbox 328 865 1594 929; baseline 0 -20"><span class='ocrx_word' id='word_1_73' title='bbox 328 872 368 906; x_wconf 81' lang='lat' dir='ltr'>ta</span> <span class='ocrx_word' id='word_1_74' title='bbox 387 897 399 917; x_wconf 93' lang='lat'>,</span> <span class='ocrx_word' id='word_1_75' title='bbox 433 879 512 910; x_wconf 84' lang='lat' dir='ltr'>nec</span> <span class='ocrx_word' id='word_1_76' title='bbox 547 865 629 910; x_wconf 72' lang='lat' dir='ltr'>ulla</span> <span class='ocrx_word' id='word_1_77' title='bbox 655 865 697 910; x_wconf 88' lang='lat' dir='ltr'>in</span> <span class='ocrx_word' id='word_1_78' title='bbox 727 865 908 911; x_wconf 72' lang='lat' dir='ltr'><strong>decretis</strong></span> <span class='ocrx_word' id='word_1_79' title='bbox 935 865 1026 911; x_wconf 86' lang='lat' dir='ltr'>eius</span> <span class='ocrx_word' id='word_1_80' title='bbox 1051 866 1174 911; x_wconf 84' lang='lat' dir='ltr'>litura</span> <span class='ocrx_word' id='word_1_81' title='bbox 1205 865 1266 912; x_wconf 77' lang='lat' dir='ltr'>sit.</span> <span class='ocrx_word' id='word_1_82' title='bbox 1308 865 1594 929; x_wconf 80' lang='lat' dir='ltr'>Intelligitur,</span> 
     </span>
     <span class='ocr_line' id='line_1_11' title="bbox 327 935 1594 1000; baseline -0.001 -18"><span class='ocrx_word' id='word_1_83' title='bbox 327 935 490 982; x_wconf 72' lang='lat' dir='ltr'>etiamt&#39;i</span> <span class='ocrx_word' id='word_1_84' title='bbox 506 954 592 983; x_wconf 86' lang='lat' dir='ltr'>non</span> <span class='ocrx_word' id='word_1_85' title='bbox 608 938 828 994; x_wconf 83' lang='lat' dir='ltr'>adiecero,</span> <span class='ocrx_word' id='word_1_86' title='bbox 842 936 1133 998; x_wconf 76' lang='lat' dir='ltr'>compositum</span> <span class='ocrx_word' id='word_1_87' title='bbox 1151 938 1487 1000; x_wconf 82' lang='lat' dir='ltr'>ordinatumque</span> <span class='ocrx_word' id='word_1_88' title='bbox 1499 936 1594 982; x_wconf 90' lang='lat' dir='ltr'>fore</span> 
     </span>
     <span class='ocr_line' id='line_1_12' title="bbox 326 1011 1595 1072; baseline 0 -14"><span class='ocrx_word' id='word_1_89' title='bbox 326 1012 456 1058; x_wconf 80' lang='lat' dir='ltr'>talem</span> <span class='ocrx_word' id='word_1_90' title='bbox 492 1012 632 1058; x_wconf 81' lang='lat' dir='ltr'>virum</span> <span class='ocrx_word' id='word_1_91' title='bbox 653 1047 665 1070; x_wconf 90' lang='lat'>‚</span> <span class='ocrx_word' id='word_1_92' title='bbox 693 1027 734 1058; x_wconf 83' lang='lat' dir='ltr'>et</span> <span class='ocrx_word' id='word_1_93' title='bbox 770 1012 812 1057; x_wconf 90' lang='lat' dir='ltr'>in</span> <span class='ocrx_word' id='word_1_94' title='bbox 848 1011 913 1057; x_wconf 85' lang='lat' dir='ltr'>his</span> <span class='ocrx_word' id='word_1_95' title='bbox 947 1027 1055 1072; x_wconf 80' lang='lat' dir='ltr'>quae</span> <span class='ocrx_word' id='word_1_96' title='bbox 1090 1023 1183 1072; x_wconf 80' lang='lat' dir='ltr'>aget</span> <span class='ocrx_word' id='word_1_97' title='bbox 1220 1028 1318 1058; x_wconf 85' lang='lat' dir='ltr'>cuni</span> <span class='ocrx_word' id='word_1_98' title='bbox 1352 1011 1559 1059; x_wconf 80' lang='lat' dir='ltr'>comitate</span> <span class='ocrx_word' id='word_1_99' title='bbox 1580 1045 1595 1069; x_wconf 91' lang='lat'>‚</span> 
     </span>
     <span class='ocr_line' id='line_1_13' title="bbox 327 1082 1594 1146; baseline 0.002 -17"><span class='ocrx_word' id='word_1_100' title='bbox 327 1082 623 1146; x_wconf 80' lang='lat' dir='ltr'>magnificum.</span> <span class='ocrx_word' id='word_1_101' title='bbox 659 1083 750 1129; x_wconf 84' lang='lat' dir='ltr'>Erit</span> <span class='ocrx_word' id='word_1_102' title='bbox 781 1100 883 1130; x_wconf 80' lang='lat' dir='ltr'>vera</span> <span class='ocrx_word' id='word_1_103' title='bbox 910 1083 1023 1128; x_wconf 80' lang='lat' dir='ltr'>ratio</span> <span class='ocrx_word' id='word_1_104' title='bbox 1058 1084 1241 1130; x_wconf 76' lang='lat' dir='ltr'>sensibus</span> <span class='ocrx_word' id='word_1_105' title='bbox 1270 1084 1418 1139; x_wconf 82' lang='lat' dir='ltr'>infita,</span> <span class='ocrx_word' id='word_1_106' title='bbox 1446 1097 1489 1131; x_wconf 90' lang='lat' dir='ltr'>et</span> <span class='ocrx_word' id='word_1_107' title='bbox 1520 1101 1594 1131; x_wconf 84' lang='lat' dir='ltr'>ca-</span> 
     </span>
     <span class='ocr_line' id='line_1_14' title="bbox 329 1153 1599 1219; baseline -0.001 -18"><span class='ocrx_word' id='word_1_108' title='bbox 329 1155 451 1219; x_wconf 87' lang='lat' dir='ltr'>piens</span> <span class='ocrx_word' id='word_1_109' title='bbox 480 1155 579 1200; x_wconf 83' lang='lat' dir='ltr'>inde</span> <span class='ocrx_word' id='word_1_110' title='bbox 600 1154 825 1215; x_wconf 75' lang='lat' dir='ltr'>principia.</span> <span class='ocrx_word' id='word_1_111' title='bbox 850 1170 932 1200; x_wconf 85' lang='lat' dir='ltr'>nec</span> <span class='ocrx_word' id='word_1_112' title='bbox 950 1153 1066 1199; x_wconf 88' lang='lat' dir='ltr'>enim</span> <span class='ocrx_word' id='word_1_113' title='bbox 1095 1154 1224 1200; x_wconf 79' lang='lat' dir='ltr'>habet</span> <span class='ocrx_word' id='word_1_114' title='bbox 1246 1154 1361 1200; x_wconf 81' lang='lat' dir='ltr'>aliud</span> <span class='ocrx_word' id='word_1_115' title='bbox 1383 1154 1496 1201; x_wconf 90' lang='lat' dir='ltr'>unde</span> <span class='ocrx_word' id='word_1_116' title='bbox 1518 1171 1599 1200; x_wconf 77' lang='lat' dir='ltr'>co-</span> 
     </span>
     <span class='ocr_line' id='line_1_15' title="bbox 330 1227 1599 1290; baseline 0 -16"><span class='ocrx_word' id='word_1_117' title='bbox 330 1243 479 1285; x_wconf 85' lang='lat' dir='ltr'>netur,</span> <span class='ocrx_word' id='word_1_118' title='bbox 510 1239 582 1273; x_wconf 79' lang='lat' dir='ltr'>aut</span> <span class='ocrx_word' id='word_1_119' title='bbox 605 1228 720 1272; x_wconf 84' lang='lat' dir='ltr'>unde</span> <span class='ocrx_word' id='word_1_120' title='bbox 740 1227 792 1273; x_wconf 73' lang='lat' dir='ltr'>ad</span> <span class='ocrx_word' id='word_1_121' title='bbox 822 1244 975 1273; x_wconf 86' lang='lat' dir='ltr'>verum</span> <span class='ocrx_word' id='word_1_122' title='bbox 999 1227 1208 1290; x_wconf 86' lang='lat' dir='ltr'>impetum</span> <span class='ocrx_word' id='word_1_123' title='bbox 1233 1227 1399 1289; x_wconf 67' lang='lat' dir='ltr'>capiat,</span> <span class='ocrx_word' id='word_1_124' title='bbox 1423 1240 1466 1274; x_wconf 88' lang='lat' dir='ltr'>et</span> <span class='ocrx_word' id='word_1_125' title='bbox 1488 1227 1532 1272; x_wconf 87' lang='lat' dir='ltr'>in</span> <span class='ocrx_word' id='word_1_126' title='bbox 1556 1228 1599 1274; x_wconf 89' lang='lat' dir='ltr'>se</span> 
     </span>
     <span class='ocr_line' id='line_1_16' title="bbox 328 1299 1598 1361; baseline -0.002 -14"><span class='ocrx_word' id='word_1_127' title='bbox 328 1313 590 1348; x_wconf 79' lang='lat' dir='ltr'>revertatur.</span> <span class='ocrx_word' id='word_1_128' title='bbox 632 1301 746 1344; x_wconf 80' lang='lat' dir='ltr'>Nam</span> <span class='ocrx_word' id='word_1_129' title='bbox 782 1299 969 1344; x_wconf 81' lang='lat' dir='ltr'>mundus</span> <span class='ocrx_word' id='word_1_130' title='bbox 1009 1315 1187 1361; x_wconf 86' lang='lat' dir='ltr'>quoque</span> <span class='ocrx_word' id='word_1_131' title='bbox 1217 1300 1368 1345; x_wconf 64' lang='lat' dir='ltr'>cunsta</span> <span class='ocrx_word' id='word_1_132' title='bbox 1398 1299 1598 1361; x_wconf 65' lang='lat' dir='ltr'>compk-</span> 
     </span>
     <span class='ocr_line' id='line_1_17' title="bbox 331 1371 1599 1435; baseline -0.002 -14"><span class='ocrx_word' id='word_1_133' title='bbox 331 1376 450 1421; x_wconf 69' lang='lat' dir='ltr'>&amp;ens</span> <span class='ocrx_word' id='word_1_134' title='bbox 464 1410 476 1430; x_wconf 92' lang='lat'>‚</span> <span class='ocrx_word' id='word_1_135' title='bbox 500 1375 728 1435; x_wconf 52' lang='lat' dir='ltr'>meliorque</span> <span class='ocrx_word' id='word_1_136' title='bbox 752 1371 938 1419; x_wconf 84' lang='lat' dir='ltr'>universi</span> <span class='ocrx_word' id='word_1_137' title='bbox 958 1373 1106 1427; x_wconf 85' lang='lat' dir='ltr'>Deus,</span> <span class='ocrx_word' id='word_1_138' title='bbox 1125 1373 1169 1418; x_wconf 89' lang='lat' dir='ltr'>in</span> <span class='ocrx_word' id='word_1_139' title='bbox 1186 1372 1403 1418; x_wconf 81' lang='lat' dir='ltr'>exteriora</span> <span class='ocrx_word' id='word_1_140' title='bbox 1419 1372 1599 1434; x_wconf 78' lang='lat' dir='ltr'>quidem</span> 
     </span>
     <span class='ocr_line' id='line_1_18' title="bbox 332 1444 1598 1507; baseline -0.003 -12"><span class='ocrx_word' id='word_1_141' title='bbox 332 1449 494 1505; x_wconf 82' lang='lat' dir='ltr'>tendit,</span> <span class='ocrx_word' id='word_1_142' title='bbox 513 1447 584 1492; x_wconf 88' lang='lat' dir='ltr'>sed</span> <span class='ocrx_word' id='word_1_143' title='bbox 604 1459 744 1492; x_wconf 77' lang='lat' dir='ltr'>tamen</span> <span class='ocrx_word' id='word_1_144' title='bbox 765 1446 808 1491; x_wconf 89' lang='lat' dir='ltr'>in</span> <span class='ocrx_word' id='word_1_145' title='bbox 828 1457 971 1490; x_wconf 82' lang='lat' dir='ltr'>totum</span> <span class='ocrx_word' id='word_1_146' title='bbox 992 1444 1181 1507; x_wconf 87' lang='lat' dir='ltr'>undique</span> <span class='ocrx_word' id='word_1_147' title='bbox 1202 1444 1245 1489; x_wconf 89' lang='lat' dir='ltr'>in</span> <span class='ocrx_word' id='word_1_148' title='bbox 1264 1444 1303 1490; x_wconf 86' lang='lat' dir='ltr'>se</span> <span class='ocrx_word' id='word_1_149' title='bbox 1331 1444 1454 1491; x_wconf 87' lang='lat' dir='ltr'>redit.</span> <span class='ocrx_word' id='word_1_150' title='bbox 1478 1447 1598 1491; x_wconf 77' lang='lat' dir='ltr'>Idem</span> 
     </span>
     <span class='ocr_line' id='line_1_19' title="bbox 331 1515 1599 1578; baseline -0.003 -11"><span class='ocrx_word' id='word_1_151' title='bbox 331 1521 478 1567; x_wconf 82' lang='lat' dir='ltr'>nostra</span> <span class='ocrx_word' id='word_1_152' title='bbox 504 1535 625 1563; x_wconf 84' lang='lat' dir='ltr'>mens</span> <span class='ocrx_word' id='word_1_153' title='bbox 650 1515 776 1563; x_wconf 70' lang='lat' dir='ltr'>faciat</span> <span class='ocrx_word' id='word_1_154' title='bbox 797 1534 807 1561; x_wconf 90' lang='lat'><strong>:</strong></span> <span class='ocrx_word' id='word_1_155' title='bbox 838 1532 937 1563; x_wconf 81' lang='lat' dir='ltr'>cum</span> <span class='ocrx_word' id='word_1_156' title='bbox 964 1516 1104 1562; x_wconf 80' lang='lat' dir='ltr'>secuta</span> <span class='ocrx_word' id='word_1_157' title='bbox 1129 1515 1270 1562; x_wconf 83' lang='lat' dir='ltr'>sensus</span> <span class='ocrx_word' id='word_1_158' title='bbox 1293 1515 1418 1573; x_wconf 87' lang='lat' dir='ltr'>suos,</span> <span class='ocrx_word' id='word_1_159' title='bbox 1438 1534 1516 1578; x_wconf 92' lang='lat' dir='ltr'>per</span> <span class='ocrx_word' id='word_1_160' title='bbox 1543 1516 1599 1563; x_wconf 89' lang='lat' dir='ltr'>il-</span> 
     </span>
     <span class='ocr_line' id='line_1_20' title="bbox 332 1588 1601 1651; baseline -0.004 -11"><span class='ocrx_word' id='word_1_161' title='bbox 332 1593 399 1640; x_wconf 88' lang='lat' dir='ltr'>los</span> <span class='ocrx_word' id='word_1_162' title='bbox 429 1592 470 1638; x_wconf 91' lang='lat' dir='ltr'>se</span> <span class='ocrx_word' id='word_1_163' title='bbox 503 1592 558 1637; x_wconf 85' lang='lat' dir='ltr'>ad</span> <span class='ocrx_word' id='word_1_164' title='bbox 588 1602 761 1636; x_wconf 78' lang='lat' dir='ltr'>externa</span> <span class='ocrx_word' id='word_1_165' title='bbox 788 1588 1057 1651; x_wconf 58' lang='lat' dir='ltr'>porrexerim</span> <span class='ocrx_word' id='word_1_166' title='bbox 1084 1600 1128 1634; x_wconf 86' lang='lat' dir='ltr'>et</span> <span class='ocrx_word' id='word_1_167' title='bbox 1151 1588 1324 1647; x_wconf 85' lang='lat' dir='ltr'>illorum</span> <span class='ocrx_word' id='word_1_168' title='bbox 1350 1600 1392 1634; x_wconf 91' lang='lat' dir='ltr'>et</span> <span class='ocrx_word' id='word_1_169' title='bbox 1420 1589 1483 1634; x_wconf 87' lang='lat' dir='ltr'>sui</span> <span class='ocrx_word' id='word_1_170' title='bbox 1516 1605 1601 1651; x_wconf 91' lang='lat' dir='ltr'>po-</span> 
     </span>
     <span class='ocr_line' id='line_1_21' title="bbox 332 1659 1600 1725; baseline -0.003 -12"><span class='ocrx_word' id='word_1_171' title='bbox 332 1678 426 1713; x_wconf 84' lang='lat' dir='ltr'>tens</span> <span class='ocrx_word' id='word_1_172' title='bbox 455 1664 532 1719; x_wconf 76' lang='lat' dir='ltr'>sit,</span> <span class='ocrx_word' id='word_1_173' title='bbox 561 1677 602 1709; x_wconf 79' lang='lat' dir='ltr'>et</span> <span class='ocrx_word' id='word_1_174' title='bbox 638 1661 707 1725; x_wconf 79' lang='lat' dir='ltr'>(ut</span> <span class='ocrx_word' id='word_1_175' title='bbox 735 1662 792 1707; x_wconf 75' lang='lat' dir='ltr'>ita</span> <span class='ocrx_word' id='word_1_176' title='bbox 825 1659 991 1723; x_wconf 77' lang='lat' dir='ltr'>dicam)</span> <span class='ocrx_word' id='word_1_177' title='bbox 1023 1660 1242 1708; x_wconf 83' lang='lat' dir='ltr'>devinciat</span> <span class='ocrx_word' id='word_1_178' title='bbox 1270 1661 1484 1707; x_wconf 87' lang='lat' dir='ltr'>summum</span> <span class='ocrx_word' id='word_1_179' title='bbox 1515 1662 1600 1709; x_wconf 92' lang='lat' dir='ltr'>bo-</span> 
     </span>
     <span class='ocr_line' id='line_1_22' title="bbox 335 1732 1600 1795; baseline -0.002 -11"><span class='ocrx_word' id='word_1_180' title='bbox 335 1756 456 1785; x_wconf 84' lang='lat' dir='ltr'>num.</span> <span class='ocrx_word' id='word_1_181' title='bbox 486 1737 585 1781; x_wconf 82' lang='lat' dir='ltr'>Hoc</span> <span class='ocrx_word' id='word_1_182' title='bbox 609 1736 745 1781; x_wconf 78' lang='lat' dir='ltr'>modo</span> <span class='ocrx_word' id='word_1_183' title='bbox 776 1751 858 1782; x_wconf 78' lang='lat' dir='ltr'>una</span> <span class='ocrx_word' id='word_1_184' title='bbox 887 1733 1096 1782; x_wconf 83' lang='lat' dir='ltr'>efficietur</span> <span class='ocrx_word' id='word_1_185' title='bbox 1113 1734 1180 1780; x_wconf 85' lang='lat' dir='ltr'>vis</span> <span class='ocrx_word' id='word_1_186' title='bbox 1197 1749 1246 1780; x_wconf 80' lang='lat' dir='ltr'>ac</span> <span class='ocrx_word' id='word_1_187' title='bbox 1263 1732 1474 1795; x_wconf 81' lang='lat' dir='ltr'>potestas,</span> <span class='ocrx_word' id='word_1_188' title='bbox 1493 1750 1600 1781; x_wconf 85' lang='lat' dir='ltr'>con-</span> 
     </span>
     <span class='ocr_line' id='line_1_23' title="bbox 335 1804 1602 1862; baseline -0.003 -4"><span class='ocrx_word' id='word_1_189' title='bbox 335 1827 439 1859; x_wconf 83' lang='lat' dir='ltr'>cors</span> <span class='ocrx_word' id='word_1_190' title='bbox 465 1809 540 1855; x_wconf 87' lang='lat' dir='ltr'>fibi</span> <span class='ocrx_word' id='word_1_191' title='bbox 563 1825 572 1851; x_wconf 89' lang='lat'><strong>:</strong></span> <span class='ocrx_word' id='word_1_192' title='bbox 596 1819 641 1854; x_wconf 63' lang='lat' dir='ltr'>&gt;et</span> <span class='ocrx_word' id='word_1_193' title='bbox 669 1807 780 1853; x_wconf 81' lang='lat' dir='ltr'>ratio</span> <span class='ocrx_word' id='word_1_194' title='bbox 805 1808 874 1852; x_wconf 67' lang='lat' dir='ltr'>ilia</span> <span class='ocrx_word' id='word_1_195' title='bbox 902 1819 1015 1852; x_wconf 83' lang='lat' dir='ltr'>certa</span> <span class='ocrx_word' id='word_1_196' title='bbox 1043 1806 1261 1862; x_wconf 83' lang='lat' dir='ltr'>nascetur,</span> <span class='ocrx_word' id='word_1_197' title='bbox 1286 1820 1376 1850; x_wconf 88' lang='lat' dir='ltr'>non</span> <span class='ocrx_word' id='word_1_198' title='bbox 1401 1804 1602 1854; x_wconf 85' lang='lat' dir='ltr'>diffidens</span> 
     </span>
     <span class='ocr_line' id='line_1_24' title="bbox 337 1877 1600 1941; baseline -0.004 -12"><span class='ocrx_word' id='word_1_199' title='bbox 337 1900 420 1929; x_wconf 88' lang='lat' dir='ltr'>nec</span> <span class='ocrx_word' id='word_1_200' title='bbox 437 1880 644 1927; x_wconf 72' lang='lat' dir='ltr'>haesitans</span> <span class='ocrx_word' id='word_1_201' title='bbox 663 1880 706 1924; x_wconf 84' lang='lat' dir='ltr'>in</span> <span class='ocrx_word' id='word_1_202' title='bbox 731 1879 1011 1941; x_wconf 78' lang='lat' dir='ltr'>opinionibus</span> <span class='ocrx_word' id='word_1_203' title='bbox 1029 1877 1600 1940; x_wconf 83' lang='lat' dir='ltr'>comprehenfionibusque,</span> 
     </span>
     <span class='ocr_line' id='line_1_25' title="bbox 339 1949 1601 2014; baseline -0.004 -11"><span class='ocrx_word' id='word_1_204' title='bbox 339 1974 420 2003; x_wconf 89' lang='lat' dir='ltr'>nec</span> <span class='ocrx_word' id='word_1_205' title='bbox 448 1956 492 2001; x_wconf 87' lang='lat' dir='ltr'>in</span> <span class='ocrx_word' id='word_1_206' title='bbox 527 1954 596 1999; x_wconf 81' lang='lat' dir='ltr'>sua</span> <span class='ocrx_word' id='word_1_207' title='bbox 629 1952 909 2014; x_wconf 72' lang='lat' dir='ltr'>persuasione.</span> <span class='ocrx_word' id='word_1_208' title='bbox 939 1954 1062 2010; x_wconf 82' lang='lat' dir='ltr'>Quae</span> <span class='ocrx_word' id='word_1_209' title='bbox 1090 1968 1190 1997; x_wconf 86' lang='lat' dir='ltr'>cum</span> <span class='ocrx_word' id='word_1_210' title='bbox 1219 1949 1260 1996; x_wconf 93' lang='lat' dir='ltr'>se</span> <span class='ocrx_word' id='word_1_211' title='bbox 1289 1949 1523 2011; x_wconf 85' lang='lat' dir='ltr'>disposuit,</span> <span class='ocrx_word' id='word_1_212' title='bbox 1559 1964 1601 1999; x_wconf 89' lang='lat' dir='ltr'>et</span> 
     </span>
     <span class='ocr_line' id='line_1_26' title="bbox 339 2021 1600 2092; baseline -0.006 -17"><span class='ocrx_word' id='word_1_213' title='bbox 339 2028 533 2092; x_wconf 77' lang='lat' dir='ltr'>partibus</span> <span class='ocrx_word' id='word_1_214' title='bbox 557 2026 638 2071; x_wconf 79' lang='lat' dir='ltr'>suis</span> <span class='ocrx_word' id='word_1_215' title='bbox 665 2024 895 2078; x_wconf 80' lang='lat' dir='ltr'>consensit,</span> <span class='ocrx_word' id='word_1_216' title='bbox 922 2037 964 2069; x_wconf 88' lang='lat' dir='ltr'>et</span> <span class='ocrx_word' id='word_1_217' title='bbox 983 2024 1053 2085; x_wconf 87' lang='lat' dir='ltr'>(ut</span> <span class='ocrx_word' id='word_1_218' title='bbox 1075 2023 1133 2070; x_wconf 84' lang='lat' dir='ltr'>ita</span> <span class='ocrx_word' id='word_1_219' title='bbox 1153 2022 1316 2081; x_wconf 80' lang='lat' dir='ltr'>dicam)</span> <span class='ocrx_word' id='word_1_220' title='bbox 1346 2021 1600 2079; x_wconf 87' lang='lat' dir='ltr'>concinuit,</span> 
     </span>
     <span class='ocr_line' id='line_1_27' title="bbox 338 2092 1606 2158; baseline -0.009 -11"><span class='ocrx_word' id='word_1_221' title='bbox 338 2101 554 2148; x_wconf 83' lang='lat' dir='ltr'>summum</span> <span class='ocrx_word' id='word_1_222' title='bbox 585 2099 747 2143; x_wconf 83' lang='lat' dir='ltr'>bonum</span> <span class='ocrx_word' id='word_1_223' title='bbox 772 2096 924 2158; x_wconf 79' lang='lat' dir='ltr'>tetigit.</span> <span class='ocrx_word' id='word_1_224' title='bbox 955 2095 1075 2142; x_wconf 79' lang='lat' dir='ltr'>Nihil</span> <span class='ocrx_word' id='word_1_225' title='bbox 1100 2095 1215 2140; x_wconf 81' lang='lat' dir='ltr'>enim</span> <span class='ocrx_word' id='word_1_226' title='bbox 1241 2093 1395 2156; x_wconf 82' lang='lat' dir='ltr'>pravi,</span> <span class='ocrx_word' id='word_1_227' title='bbox 1416 2092 1520 2139; x_wconf 83' lang='lat' dir='ltr'>nihil</span> <span class='ocrx_word' id='word_1_228' title='bbox 1537 2094 1606 2140; x_wconf 84' lang='lat' dir='ltr'>lu.</span> 
     </span>
     <span class='ocr_line' id='line_1_28' title="bbox 341 2163 1602 2232; baseline -0.007 -13"><span class='ocrx_word' id='word_1_229' title='bbox 341 2172 451 2219; x_wconf 86' lang='lat' dir='ltr'>brici</span> <span class='ocrx_word' id='word_1_230' title='bbox 480 2169 699 2232; x_wconf 85' lang='lat' dir='ltr'>superest:</span> <span class='ocrx_word' id='word_1_231' title='bbox 723 2168 825 2214; x_wconf 82' lang='lat' dir='ltr'>nihil</span> <span class='ocrx_word' id='word_1_232' title='bbox 853 2168 897 2213; x_wconf 86' lang='lat' dir='ltr'>in</span> <span class='ocrx_word' id='word_1_233' title='bbox 924 2184 1014 2230; x_wconf 89' lang='lat' dir='ltr'>quo</span> <span class='ocrx_word' id='word_1_234' title='bbox 1037 2167 1208 2221; x_wconf 67' lang='lat' dir='ltr'>arietet,</span> <span class='ocrx_word' id='word_1_235' title='bbox 1240 2176 1312 2211; x_wconf 82' lang='lat' dir='ltr'>aut</span> <span class='ocrx_word' id='word_1_236' title='bbox 1338 2163 1463 2211; x_wconf 82' lang='lat' dir='ltr'>labet.</span> <span class='ocrx_word' id='word_1_237' title='bbox 1490 2165 1602 2210; x_wconf 84' lang='lat' dir='ltr'>Om—</span> 
     </span>
     <span class='ocr_line' id='line_1_29' title="bbox 342 2237 1603 2304; baseline -0.006 -15"><span class='ocrx_word' id='word_1_238' title='bbox 342 2245 412 2289; x_wconf 82' lang='lat' dir='ltr'>nia</span> <span class='ocrx_word' id='word_1_239' title='bbox 444 2244 571 2290; x_wconf 76' lang='lat' dir='ltr'>faciet</span> <span class='ocrx_word' id='word_1_240' title='bbox 593 2260 645 2289; x_wconf 77' lang='lat' dir='ltr'>ex</span> <span class='ocrx_word' id='word_1_241' title='bbox 668 2242 855 2304; x_wconf 81' lang='lat' dir='ltr'>imperio</span> <span class='ocrx_word' id='word_1_242' title='bbox 880 2241 977 2298; x_wconf 88' lang='lat' dir='ltr'>suo,</span> <span class='ocrx_word' id='word_1_243' title='bbox 1010 2240 1203 2301; x_wconf 84' lang='lat' dir='ltr'>nihilque</span> <span class='ocrx_word' id='word_1_244' title='bbox 1226 2237 1498 2299; x_wconf 83' lang='lat' dir='ltr'>inopinatum</span> <span class='ocrx_word' id='word_1_245' title='bbox 1528 2253 1603 2283; x_wconf 83' lang='lat' dir='ltr'>ac-</span> 
     </span>
     <span class='ocr_line' id='line_1_30' title="bbox 342 2306 1601 2376; baseline -0.006 -15"><span class='ocrx_word' id='word_1_246' title='bbox 342 2315 457 2362; x_wconf 80' lang='lat' dir='ltr'>&#39;cidet</span> <span class='ocrx_word' id='word_1_247' title='bbox 480 2314 584 2360; x_wconf 77' lang='lat' dir='ltr'>:sed</span> <span class='ocrx_word' id='word_1_248' title='bbox 614 2313 826 2376; x_wconf 74' lang='lat' dir='ltr'>quidquid</span> <span class='ocrx_word' id='word_1_249' title='bbox 858 2324 980 2373; x_wconf 80' lang='lat' dir='ltr'>aget,</span> <span class='ocrx_word' id='word_1_250' title='bbox 1009 2311 1053 2357; x_wconf 89' lang='lat' dir='ltr'>in</span> <span class='ocrx_word' id='word_1_251' title='bbox 1083 2311 1249 2356; x_wconf 86' lang='lat' dir='ltr'>bonum</span> <span class='ocrx_word' id='word_1_252' title='bbox 1283 2308 1444 2364; x_wconf 86' lang='lat' dir='ltr'>exibit,</span> <span class='ocrx_word' id='word_1_253' title='bbox 1478 2306 1601 2354; x_wconf 83' lang='lat' dir='ltr'>facile</span> 
     </span>
     <span class='ocr_line' id='line_1_31' title="bbox 341 2380 1602 2449; baseline -0.01 -13"><span class='ocrx_word' id='word_1_254' title='bbox 341 2401 385 2436; x_wconf 82' lang='lat' dir='ltr'>et</span> <span class='ocrx_word' id='word_1_255' title='bbox 414 2404 582 2449; x_wconf 72' lang='lat' dir='ltr'>parate,</span> <span class='ocrx_word' id='word_1_256' title='bbox 615 2404 657 2433; x_wconf 88' lang='lat' dir='ltr'>et</span> <span class='ocrx_word' id='word_1_257' title='bbox 684 2386 767 2431; x_wconf 80' lang='lat' dir='ltr'>sine</span> <span class='ocrx_word' id='word_1_258' title='bbox 793 2384 1144 2448; x_wconf 74' lang='lat' dir='ltr'>tergiversatione</span> <span class='ocrx_word' id='word_1_259' title='bbox 1176 2383 1352 2446; x_wconf 78' lang='lat' dir='ltr'>agentis.</span> <span class='ocrx_word' id='word_1_260' title='bbox 1387 2382 1496 2426; x_wconf 86' lang='lat' dir='ltr'>Nam</span> <span class='ocrx_word' id='word_1_261' title='bbox 1531 2380 1602 2442; x_wconf 86' lang='lat' dir='ltr'>pi-</span> 
     </span>
     <span class='ocr_line' id='line_1_32' title="bbox 340 2451 1603 2524; baseline -0.006 -19"><span class='ocrx_word' id='word_1_262' title='bbox 340 2460 465 2524; x_wconf 75' lang='lat' dir='ltr'>gritia</span> <span class='ocrx_word' id='word_1_263' title='bbox 483 2474 526 2507; x_wconf 82' lang='lat' dir='ltr'>et</span> <span class='ocrx_word' id='word_1_264' title='bbox 548 2459 795 2517; x_wconf 79' lang='lat' dir='ltr'>haefitatiO,</span> <span class='ocrx_word' id='word_1_265' title='bbox 825 2474 1010 2520; x_wconf 80' lang='lat' dir='ltr'>pugnam</span> <span class='ocrx_word' id='word_1_266' title='bbox 1031 2471 1074 2504; x_wconf 88' lang='lat' dir='ltr'>et</span> <span class='ocrx_word' id='word_1_267' title='bbox 1101 2454 1430 2504; x_wconf 73' lang='lat' dir='ltr'>inconstantiam</span> <span class='ocrx_word' id='word_1_268' title='bbox 1456 2451 1603 2500; x_wconf 73' lang='lat' dir='ltr'>osten-</span> 
     </span>
    </p>
   </div>
  </div>
 </body>
</html>
