1742 2967
328 228 417 285 148
562 228 610 276 L.
662 227 955 274 ΑΝΝΑΕΙ
1009 227 1363 275 SENECAE

320 332 587 381 beneficium
625 333 794 389 odisse,
833 333 940 380 dum
981 333 1195 395 exspe&at
1231 352 1242 380 ε
1281 333 1422 397 potest
1458 335 1518 382 ob
1554 334 1600 383 id

319 419 467 470 gratus
494 406 613 455 effe?
644 407 1038 467 Quemadmodum
1071 407 1340 454 acerbissima
1371 410 1603 456 crudelitas

317 480 380 527 est
401 516 414 538 ‚
451 497 562 544 quae
600 480 730 527 trahit
765 496 955 543 poenam
984 497 994 525 τ
1026 492 1069 525 et
1106 480 1428 529 misericordiae
1465 500 1601 546 genus

317 555 380 601 est
397 587 412 611 ‚
432 555 523 603 cito
541 556 745 603 occidere
764 572 774 601 :
800 553 928 618 (quia
950 566 1221 600 tormentum
1246 556 1445 603 ultimum
1467 557 1599 604 finem

315 628 379 675 sui
413 628 558 675 secum
586 626 740 684 affert3
770 629 893 691 quod
925 628 1141 674 antecedit
1171 639 1375 692 tempus,
1411 632 1600 679 maxima

313 703 490 752 venturi
519 702 719 766 supplicii
750 719 849 766 pars
878 702 939 748 est
968 699 1014 765 z)
1042 702 1103 747 ita
1137 702 1280 749 maior
1315 704 1376 750 est
1407 707 1599 752 muneris

313 775 471 839 gratia,
492 791 586 838 quo
612 775 756 822 minus
781 774 854 820 diu
881 773 1103 837 pependit}
1136 775 1208 821 Est
1233 776 1350 822 enim
1381 778 1599 824 bonarum

312 850 447 897 etiam
465 865 612 895 rerum
637 848 804 895 solicita
823 847 1102 910 exspeaatio.
1119 860 1162 894 et
1187 865 1288 895 cum
1309 850 1496 913 plurima
1523 852 1599 899 be-

313 923 472 973 neficia
500 923 744 971 remedium
767 921 947 969 alicuius
973 921 1035 968 rei
1059 922 1267 979 afferant;
1301 925 1377 988 qui
1403 939 1476 972 aut
1499 927 1598 972 diu-

312 997 398 1044 tius
429 994 629 1060 torqueri
660 995 848 1058 patitur,
879 1010 1012 1057 quem
1042 994 1242 1057 protinus
1270 996 1413 1059 potest
1440 997 1598 1044 libera-

311 1085 389 1126 re,
414 1081 487 1114 aut
514 1068 702 1131 gaudere
730 1067 921 1123 tardius,
940 1065 1161 1113 beneficio
1189 1067 1265 1113 suo
1290 1084 1441 1114 manus
1460 1068 1597 1115 affert.

310 1143 473 1189 Omnis
502 1140 746 1204 benignitas
774 1153 982 1202 properat
1005 1157 1014 1185 ε
1040 1153 1084 1186 et
1110 1140 1342 1203 proprium
1369 1141 1429 1187 est
1455 1142 1596 1188 liben-

311 1229 378 1263 ter
407 1215 626 1272 facientis,
649 1214 738 1260 cito
765 1213 923 1273 facere.
953 1214 1045 1274 Qui
1069 1214 1216 1272 tarde,
1236 1226 1279 1261 et
1299 1215 1416 1262 diem
1442 1216 1496 1262 de
1525 1216 1596 1263 die

309 1290 541 1337 extrahens
569 1287 756 1350 profuit,
787 1302 877 1332 non
897 1303 952 1332 ex
979 1286 1129 1332 animo
1156 1286 1272 1333 fecit.
1309 1290 1370 1333 lta
1395 1288 1502 1333 duas
1526 1303 1595 1334 res

309 1362 519 1409 maximas
543 1360 755 1423 perdidit,
783 1371 827 1406 et
851 1374 1023 1420 tempus
1041 1394 1053 1415 ‚
1084 1371 1126 1404 et
1152 1371 1455 1422 argumentum
1483 1359 1592 1405 ami-

309 1451 386 1483 cae
411 1432 659 1480 voluntatis.
691 1432 815 1478 tarde
844 1431 960 1478 velle
978 1467 991 1488 ,
1019 1431 1205 1477 nolentis
1234 1427 1306 1476 est.

374 1510 449 1553 VI.
470 1510 517 1553 ln
539 1505 662 1552 omni
683 1505 892 1567 negotio,
913 1503 1120 1550 Liberalis
1137 1539 1149 1560 ,
1170 1520 1258 1549 non
1280 1504 1459 1551 minima
1481 1522 1590 1568 por-

305 1579 370 1627 tio
390 1579 472 1638 est,
491 1578 725 1643 quomodo
744 1577 938 1640 quidque
956 1589 1028 1621 aut
1055 1576 1223 1622 dicatur
1236 1612 1248 1633 ‚
1269 1590 1343 1622 aut
1359 1575 1448 1622 fiat.
1474 1578 1589 1624 rnul-

305 1666 400 1701 tum
439 1653 632 1701 celeritas
671 1652 776 1698 fecit
801 1687 814 1708 ,
857 1651 1042 1696 multum
1079 1646 1251 1696 abstulit
1293 1666 1432 1696 mora.
1470 1653 1590 1698 Sicut

305 1726 351 1773 in
376 1726 472 1774 telis
501 1725 652 1772 eadem
685 1723 788 1769 ferri
816 1724 884 1770 vis
911 1722 969 1768 est
993 1740 1002 1768 :
1036 1723 1106 1770 sed
1134 1721 1355 1768 infinitum
1385 1723 1588 1780 interest,

302 1811 452 1846 utrum
470 1796 648 1845 excuffo
671 1797 836 1843 lacerto
853 1808 1169 1859 torqueantur,
1190 1812 1243 1841 an
1263 1795 1433 1842 remiffa
1455 1813 1586 1843 manu

303 1873 495 1920 effluant.
515 1870 680 1934 gladius
701 1870 819 1914 idem
838 1880 879 1914 et
899 1868 1078 1932 stringit,
1099 1881 1141 1914 et
1160 1868 1397 1915 transforat
1417 1886 1429 1914 :
1450 1885 1584 1931 quam

298 1944 444 2008 presso
469 1942 655 1988 articulo
687 1941 857 1986 venerit
876 1977 888 1997 ‚
918 1940 1064 1986 refert.
1110 1939 1225 1985 idem
1256 1939 1317 1985 est
1350 1941 1474 2002 quod
1502 1943 1583 1987 da-

299 2030 396 2072 tur,
419 2016 490 2062 sed
513 2012 687 2061 interest
705 2013 941 2075 quomodo
958 2013 1095 2059 detur.
1117 2015 1264 2072 Quam
1286 2011 1429 2068 dulce,
1449 2029 1582 2076 quam

298 2086 538 2154 pretiosum
562 2088 621 2134 est
637 2120 649 2142 ‚
677 2088 706 2133 s1
731 2088 886 2151 gratias
909 2086 984 2131 fibi
1009 2087 1078 2149 agi
1099 2103 1190 2132 non
1218 2085 1278 2131 est
1302 2085 1474 2148 paffus,
1503 2087 1583 2150 qui

296 2162 417 2210 dedit
436 2179 446 2208 :
465 2161 494 2207 sl
525 2160 714 2218 dediffe,
740 2162 844 2206 dum
877 2160 976 2213 dat,
1007 2160 1167 2204 oblitus
1197 2157 1283 2204 est!
1314 2174 1412 2203 nam
1442 2158 1581 2204 corri-

293 2252 399 2299 pere
432 2250 558 2288 eum,
590 2232 662 2280 cui
698 2249 798 2279 cum
829 2231 1020 2277 maxime
1049 2230 1212 2293 aliquid
1247 2228 1462 2292 praestes,
1494 2231 1577 2276 de-

294 2307 456 2355 mentia
481 2306 571 2364 est‚-
589 2317 631 2352 et
655 2305 843 2352 inserere
870 2303 1188 2350 contumeliam
1218 2301 1395 2348 meritis.
1429 2304 1580 2363 Itaque

293 2396 385 2426 non
409 2379 505 2425 sunt
533 2376 823 2439 exasperanda
846 2375 1086 2430 beneficia,
1116 2391 1197 2421 nec
1228 2373 1468 2436 quidquam
1493 2371 1579 2418 illis

292 2453 410 2501 triste
430 2452 715 2500 miscendum.
736 2452 873 2498 Etiam
894 2450 924 2495 fi
945 2450 1053 2512 quid
1074 2449 1178 2509 erit,
1197 2448 1250 2497 de
1271 2463 1361 2512 quo
1381 2445 1490 2496 velis
1507 2446 1577 2492 ad-

292 2539 475 2572 monere
487 2558 501 2584 ,
520 2523 638 2571 aliud
657 2534 829 2586 tempus
845 2521 1011 2586 eligito.
