1742 2967
302 205 364 267 56
555 203 605 250 L.
645 201 942 249 ΑΝΝΑΕῙ
987 199 1336 248 SENECAE

295 309 473 373 plicium
490 344 504 369 ,
529 308 677 357 omnia
703 308 773 356 sua
790 343 804 366 ,
825 321 874 355 ut
892 307 1074 366 vivant,
1094 320 1265 371 paratos
1288 306 1554 370 impendere.'

296 396 412 431 tanta
437 384 481 431 in
509 383 588 429 illis
606 382 819 430 discordia
845 381 1074 429 affe&uum
1097 381 1170 429 est.
1198 381 1369 442 Quodsi
1393 380 1554 443 posset,

294 457 667 523 quemadmodum
713 456 1047 518 praeteritorum
1093 471 1304 502 annorum
1340 452 1553 516 cuiusque

293 548 497 579 numerus
514 529 732 593 proponi,
754 528 810 576 fic
829 528 1078 576 futurorum
1102 546 1113 576 ε
1133 527 1362 592 quomodo
1379 526 1457 581 illi,
1475 524 1551 588 qui

292 621 460 668 paucos
492 603 690 650 viderent
720 601 957 664 supereffe,
993 601 1281 665 trepidarent,
1318 598 1553 664 quomodo

290 678 372 725 illis
400 675 653 740 parcerent?
681 675 815 740 Atqui
835 674 960 723 facile
987 675 1077 734 est,
1101 675 1302 740 quamvis
1323 674 1552 736 exiguum,

290 747 555 811 dispensare,
577 748 698 811 quod
728 758 894 795 certum
920 747 980 794 est
1001 765 1012 795 :
1041 748 1086 794 id
1112 747 1240 794 debet
1264 745 1425 794 servari
1449 743 1552 790 dili-

288 823 485 884 gentius,
510 823 630 886 quod
659 822 819 870 nescias
840 823 1019 886 quando
1047 820 1233 870 deficiat.
1270 822 1363 868 Nec
1393 818 1455 865 est
1483 832 1552 866 ta·

289 911 415 954 men,
441 896 562 960 quod
586 896 786 960 ignorare
813 907 935 958 putes
959 896 1083 954 illos,
1116 911 1247 959 quam
1276 910 1372 942 cara
1397 908 1467 939 res
1488 890 1553 938 fit.

287 967 453 1016 Dicere
472 969 611 1016 solent
639 969 720 1027 eis,
741 984 852 1032 quos
870 968 1124 1017 validiffime
1142 968 1327 1031 diligunt
1341 1002 1354 1023 ,
1380 978 1555 1029 paratos

287 1042 330 1089 se
360 1055 523 1106 partem
553 1059 771 1089 annorum
799 1042 973 1089 suorum
998 1042 1110 1088 dare.
1145 1042 1290 1097 Dant,
1317 1056 1398 1086 nec
1422 1039 1554 1085 intel-

287 1115 448 1179 ligunt:
478 1117 579 1163 dant
608 1130 750 1164 autem
783 1116 861 1174 ita,
887 1126 933 1162 ut
959 1113 1044 1161 {ine
1073 1114 1251 1160 illorum
1280 1112 1552 1160 incremento

285 1186 363 1233 fibi
390 1187 641 1234 detrahant:
663 1187 732 1235 sed
762 1187 850 1234 hoc
878 1186 1018 1249 ipsum
1047 1202 1100 1232 an
1132 1184 1380 1240 detrahant,
1409 1181 1552 1230 nesci-

285 1271 391 1306 unt:
424 1260 527 1306 ideo
554 1260 787 1307 tolerabilis
814 1259 874 1306 est
902 1259 984 1306 illis
1011 1258 1174 1306 iaRura
1203 1255 1452 1304 detrimenti
1483 1254 1552 1301 la-

284 1331 426 1380 tentis.
463 1334 610 1379 Nemo
640 1331 831 1379 restituet
872 1345 1032 1388 annos,
1069 1345 1201 1376 nemo
1230 1328 1389 1375 iterum
1418 1340 1460 1374 te
1490 1325 1550 1374 ti-

283 1403 328 1451 bi
354 1404 514 1451 reddet.
547 1405 632 1452 Ibit
658 1407 741 1468 qua
767 1404 916 1467 coepit
944 1415 1085 1460 aetas,
1115 1420 1196 1450 nec
1224 1402 1393 1450 cursum
1424 1402 1547 1448 suum

284 1491 360 1525 aut
390 1477 615 1525 revocabit
648 1494 720 1524 aut
748 1477 1016 1541 supprimet:
1049 1476 1155 1522 nihil
1186 1473 1550 1533 tumultuabitur,

284 1551 389 1597 nibil
410 1550 663 1598 admonebit
683 1549 926 1597 velocitatis
950 1549 1063 1595 suae:
1089 1549 1218 1595 tacita
1239 1549 1415 1597 labetur.
1441 1548 1548 1594 Non

281 1625 350 1673 illa
373 1626 413 1672 se
434 1626 543 1688 regis
560 1625 618 1671 im
627 1626 747 1686 perio
760 1661 773 1682 ‚
794 1641 884 1671 non
904 1624 1060 1671 favore
1080 1623 1235 1686 populi
1253 1623 1422 1686 longius
1440 1637 1548 1684 pro·

281 1697 404 1744 feret.
433 1696 540 1743 ficut
571 1697 691 1744 miss'a
719 1697 779 1745 est
807 1714 829 1743 a
854 1695 1027 1758 primo,
1065 1694 1298 1742 decurret:
1332 1709 1544 1757 nusquam
1576 1694 1583 1702 '

280 1769 490 1824 divertet,
520 1786 730 1831 nusquam
760 1768 1064 1815 remorabitur.
1102 1766 1224 1826 Quid
1252 1764 1362 1811 fiet?
1390 1776 1436 1811 tu
1463 1780 1543 1812 oc-

282 1855 460 1898 cupatus
481 1858 527 1888 es
542 1876 554 1899 ,
583 1843 671 1887 vita
692 1839 860 1887 festinat
880 1858 890 1887 :
917 1857 1036 1888 mors
1053 1839 1227 1888 interim
1251 1837 1415 1895 aderit,
1442 1837 1514 1886 cui
1530 1873 1546 1898 ,

281 1912 389 1959 velis
415 1912 548 1968 nolis,
575 1912 815 1958 vacandum
845 1910 918 1958 est.

345 1983 424 2028 IX.
454 1982 653 2029 Potestne
682 1983 908 2045 quisquam
926 2018 939 2040 ,
966 1981 1095 2038 dico,
1125 1980 1355 2028 hominum
1385 1996 1541 2029 eorum

279 2054 357 2117 qui
385 2054 656 2117 prudentiam
680 2054 860 2111 ἱειὲὶειηῐ,
892 2070 935 2102 et
952 2053 1174 2116 operosius
1192 2053 1392 2116 occupati
1423 2054 1543 2113 sunt,

278 2143 409 2190 quam
439 2140 485 2172 ut
514 2126 665 2172 melius
692 2124 851 2188 poffint
867 2125 1050 2173 vivere?
1081 2125 1308 2188 Impendio
1332 2125 1450 2172 vitae
1469 2125 1542 2173 vi-

279 2212 365 2246 tam
391 2198 618 2256 instruunt,
638 2199 918 2262 cogitationes
937 2199 1028 2246 suas
1048 2199 1092 2245 in
1109 2199 1290 2261 longum
1306 2199 1539 2246 ordinant:

278 2273 468 2319 maxima
487 2290 625 2336 porro
644 2273 757 2319 vitae
779 2274 936 2320 iassura
951 2308 964 2331 ‚
985 2272 1136 2319 dilatio
1154 2271 1230 2320 est.
1255 2271 1326 2317 Illa
1349 2273 1538 2333 primum

277 2361 494 2408 quemque
516 2346 696 2392 extrahit
720 2344 856 2403 diem,
886 2346 955 2392 illa
980 2344 1107 2407 eripit
1137 2343 1376 2407 praesentia
1391 2377 1405 2399 ,
1430 2343 1536 2388 dum

276 2418 482 2464 ulteriora
502 2418 728 2480 promittit.
761 2419 1003 2464 Maximum
1032 2418 1215 2465 vivendi
1245 2417 1536 2479 impedimen-

275 2500 367 2535 tum
391 2488 451 2536 est
467 2520 480 2545 ‚
508 2490 789 2554 exspestatio,
810 2506 922 2554 quae
945 2490 1103 2553 pendet
1129 2506 1184 2537 ex
1212 2487 1410 2537 crastino.
1429 2487 1535 2534 Per-
