1742 2967
327 194 415 243 108
562 196 612 243 L.
660 195 956 258 ANNAEI
1005 198 1355 248 SENECAE

320 303 434 366 piter
456 302 651 363 optimus
668 303 884 352 maximus
906 303 1092 368 ineptias
1112 308 1345 370 poetarum
1368 326 1380 356 t
1406 323 1600 374 quorum

319 375 425 421 alius
454 375 513 422 illi
546 376 632 422 alas
659 376 893 438 imposuit,
925 377 1032 423 alius
1063 394 1227 426 cornua
1256 397 1267 426 :
1302 380 1412 427 alius
1437 381 1601 428 adulte-

317 463 418 493 rum
439 446 559 492 illum
587 447 778 506 induxit,
804 460 847 494 et
866 449 1177 497 abnostantem
1199 470 1210 496 :
1231 452 1337 498 alius
1355 452 1534 499 saevum
1555 454 1600 500 in

320 521 450 576 deos,
476 522 585 568 alius
610 521 810 584 iniquum
830 522 874 568 in
895 522 1096 569 homines
1121 525 1255 570 :alius
1281 536 1506 586 raptorum
1529 525 1602 570 in-

317 610 562 656 genuorum
601 607 915 657 corruptorem
936 632 950 654 ‚
983 608 1026 642 et
1061 609 1352 659 cognatorum
1384 597 1601 660 quidem:

319 668 424 714 alius
451 669 711 731 parricidam
732 703 745 725 ‚
773 684 817 716 et
842 670 963 733 regni
994 670 1121 716 alieni
1151 671 1405 734 paternique
1434 688 1603 736 expug-

318 756 532 791 natorem.
562 745 738 805 Quibus
758 744 866 790 nihil
896 745 1011 791 aliud
1031 746 1173 791 aEtum
1195 744 1280 803 est,
1302 762 1434 808 quam
1453 760 1500 793 ut
1522 763 1604 808 pu·

317 816 402 862 dor
420 816 670 864 hominibus
689 817 897 879 peccandi
916 818 1165 865 demeretur
1180 853 1192 875 ‚
1210 817 1240 863 fi
1258 818 1364 866 tales
1385 818 1491 866 deos
1510 835 1603 865 cre-

319 890 533 937 didissent.
560 893 645 938 Sed
675 908 942 955 quamquam
968 891 1043 937 ista
1070 909 1141 938 me
1162 891 1270 938 nihil
1299 892 1494 948 laedant,
1522 908 1604 939 ve-

316 965 401 1013 stra
417 981 564 1013 tamen
586 983 668 1014 vos
688 983 855 1012 moneo
875 966 997 1013 causa
1012 985 1021 1012 ι
1038 965 1238 1029 suspicite
1258 966 1480 1014 virtutem.
1499 967 1606 1012 Cre·

316 1039 406 1088 dite
432 1039 517 1095 his,
538 1040 613 1102 qui
630 1040 750 1087 ,illam
771 1040 848 1085 diu
872 1040 1029 1094 secuti,
1050 1055 1258 1102 magnum
1288 1040 1513 1103 quoddam
1532 1040 1604 1102 ip-

315 1111 412 1168 sos,
441 1127 484 1158 et
511 1112 633 1174 quod
659 1113 703 1157 in
729 1110 819 1158 dies
841 1112 979 1157 maius
1004 1121 1233 1173 appareat,
1257 1111 1375 1175 sequi
1402 1112 1607 1161 clamant.

316 1187 372 1231 Et
403 1184 541 1247 ipsam
573 1196 619 1230 ut
648 1185 757 1231 cleos
782 1217 796 1241 ‚
828 1197 872 1231 et
900 1182 1169 1246 professores
1200 1183 1292 1231 eius
1322 1197 1370 1230 ut
1398 1183 1607 1231 antistites

315 1258 477 1305 colite:
507 1271 549 1304 et
576 1259 781 1320 quotiens
809 1257 978 1304 mentio
1007 1258 1122 1304 sacra
1149 1257 1373 1304 literarum
1405 1257 1605 1304 interve-

314 1332 451 1386 nerit‚
478 1331 624 1378 favete
648 1331 821 1394 linguis.
847 1332 948 1377 Hoc
970 1331 1160 1377 verbum
1190 1347 1307 1385 non,
1336 1344 1384 1376 ut
1412 1328 1607 1392 plerique

314 1402 588 1460 existimant,
615 1420 638 1449 a
664 1402 824 1450 favore
858 1401 1043 1448 trahitur
1075 1419 1086 1446 :
1114 1402 1186 1448 sed
1211 1403 1451 1463 imperatur
1481 1401 1607 1447 filen-

319 1478 457 1532 tium,
488 1492 538 1523 ut
560 1477 641 1524 rite
663 1476 813 1540 peragi
838 1476 967 1540 poffit
992 1475 1183 1533 sacrum,
1211 1475 1326 1522 nulla
1355 1491 1470 1522 voce
1495 1473 1608 1520 mala

320 1545 615 1612 obstrepente.
1578 1591 1581 1597 ,

384 1625 575 1670 XXVII.
613 1623 750 1683 Quod
778 1621 922 1669 multo
955 1620 1092 1683 magis
1123 1621 1403 1669 necessarium
1428 1621 1489 1668 est
1517 1621 1605 1668 im-

319 1697 462 1759 perari
489 1696 647 1755 vobis,
671 1709 718 1742 ut
742 1696 946 1759 quotiens
977 1695 1140 1756 aliquid
1165 1711 1219 1740 ex
1248 1695 1326 1742 illo
1357 1694 1607 1758 proferetur

321 1769 536 1823 oraculo,
573 1767 726 1814 intenti
758 1780 800 1814 et
834 1765 1082 1828 compressa
1113 1783 1230 1813 voce
1260 1767 1454 1814 audiatis.
1490 1768 1606 1813 Cum

321 1842 486 1891 sistrum
514 1842 671 1905 aliquis
696 1840 952 1889 concutiens
971 1857 1024 1886 ex
1043 1840 1231 1901 imperio
1254 1840 1489 1895 mentitur3
1509 1857 1609 1891 cum

321 1916 477 1978 aliquis
506 1916 676 1961 secandi
708 1915 898 1961 lacertos
929 1913 1027 1959 suos
1054 1913 1240 1969 artifex,
1274 1913 1450 1958 brachia
1481 1924 1610 1976 atque

322 1988 533 2035 humei-'os
558 1987 754 2050 fiispensa
781 2005 913 2034 manu
941 1999 1166 2042 cruentat;
1193 2004 1293 2034 cum
1319 1987 1472 2049 aliquis
1493 1988 1612 2051 geni-

324 2061 404 2108 bus
428 2079 504 2124 per
531 2062 650 2108 viam
675 2078 829 2124 repens
855 2061 1012 2116 ululat3
1043 2061 1301 2125 laurumque
1321 2062 1520 2107 linteatus
1538 2061 1610 2108 .se-

325 2152 434 2191 nex,
455 2147 498 2181 et
517 2134 667 2180 medio
692 2134 919 2181 lucernam
955 2134 1024 2179 die
1049 2134 1318 2196 praeferens,
1339 2134 1612 2192 conclamat,

329 2199 492 2254 iratum
523 2207 714 2268 aliquem
747 2208 959 2260 deorumn
992 2207 1256 2254 concurritis
1283 2222 1326 2255 et
1355 2207 1541 2264 auditis,
1569 2220 1614 2254 et

328 2282 531 2328 divinum
577 2281 663 2328 effe
703 2298 801 2327 eum
823 2317 836 2335 ‚
865 2281 1056 2328 invicem
1103 2293 1299 2327 mutuum
1334 2281 1496 2327 alentes
1524 2279 1612 2325 stu·

329 2371 483 2416 porem
503 2390 516 2409 ‚
549 2354 784 2401 affirmatis.
832 2357 947 2401 Ecce
983 2355 1182 2401 Socrates
1213 2371 1266 2400 ex
1296 2354 1374 2400 illo
1409 2369 1613 2408 carcere,

328 2442 460 2488 quem
493 2428 698 2474 intrando
720 2428 944 2491 purgavit,
974 2428 1186 2490 omnique
1214 2425 1508 2473 honestiorem
1534 2442 1613 2470 cu-

326 2498 390 2545 ria
409 2500 626 2559 reddidit,
659 2501 903 2564 proclamat
927 2519 937 2547 :
969 2501 1082 2561 Quis
1101 2500 1178 2547 iste
1202 2498 1360 2547 furor?
1393 2514 1505 2561 quae
1535 2496 1612 2544 ista
