1742 2967
265 150 330 246 4⁴0
524 186 917 233 LANNAEI
970 187 1335 236 SENECAE

262 291 335 336 det
353 289 695 346 calamitatibus,
719 292 790 339 sed
811 309 992 340 omnem
1008 293 1212 343 fortunae
1227 295 1334 340 iram
1352 295 1558 342 reverbes

263 362 398 421 rabit,
424 377 467 410 et
485 377 584 411 ante
603 366 643 411 se
660 365 842 428 franget.
860 367 1041 413 eandem
1063 367 1233 431 semper
1252 367 1407 415 faciem
1423 367 1558 414 serva·

262 435 348 493 bit,
366 436 576 498 placidam
589 474 602 496 ‚
622 438 945 486 inconcussam:
969 441 1094 503 quod
1113 440 1253 487 facere
1273 458 1363 486 non
1388 439 1552 502 posset,

262 508 293 554 fi
313 509 525 557 tristitiam
545 512 772 574 reciperet.
800 512 954 559 Adiice
974 549 987 569 ,
1003 514 1126 575 quod
1145 513 1310 575 sapiens
1325 513 1557 575 providet,

261 593 304 628 et
333 582 379 628 in
404 584 612 646 expedito
641 582 1043 631 consiliumhabet.
1081 601 1301 650 nunquam
1333 596 1478 630 autem
1508 583 1557 629 li-

262 655 444 717 quidum
467 655 768 721 sincerumque
785 675 840 704 ex
860 657 1038 703 turbido
1058 657 1196 704 venit.
1228 656 1422 704 Tristitia
1435 656 1554 702 enim

264 727 466 776 inhabilis
486 729 545 776 est
565 731 620 776 ad
645 730 934 793 dispiciendas
959 747 1025 777 res
1043 766 1056 789 ‚
1081 730 1204 777 utilia
1231 731 1520 794 excogitanda
1539 765 1554 786 ,

265 802 508 863 periculosa
537 803 739 858 vitanda,
761 819 895 866 aequa
917 803 1193 852 aestimanda.
1214 806 1334 868 Ergo
1354 820 1445 850 non
1464 803 1551 849 mi-

264 874 455 934 seretur,
487 877 588 939 quia
624 890 667 923 et
695 876 781 922 fine
813 876 983 923 miseria
1022 876 1154 922 animi
1193 893 1285 922 non
1317 875 1380 923 fit.
1411 888 1554 923 cetera

265 946 443 1004 omnia,
471 965 582 1010 quae
611 948 684 1011 qui
715 946 1000 1006 miserentur,
1040 947 1180 995 solent
1206 947 1376 1007 facere,
1407 948 1478 996 hic
1499 948 1555 995 li·

267 1021 378 1082 bens
406 1034 447 1068 et
475 1024 584 1070 alius
610 1023 762 1069 animo
792 1022 936 1069 faciet.

331 1096 407 1140 Vl.
426 1096 657 1142 Succurret
677 1094 828 1141 alienis
847 1094 1035 1141 lacrimis
1049 1130 1062 1150 ‚
1090 1111 1182 1141 non
1201 1096 1403 1143 accedet:
1435 1095 1555 1142 dabit

265 1183 445 1213 manum
475 1167 709 1232 naufrago,
741 1166 878 1213 exsuli
902 1160 1142 1230 hospitium
1165 1204 1178 1225 ,
1203 1169 1347 1232 egenti
1373 1169 1523 1231 stipem
1541 1204 1556 1227 ‚

265 1257 357 1286 non
386 1240 497 1288 hanc
528 1241 920 1297 contumeliosam,
952 1257 1039 1303 qua
1061 1257 1157 1302 pars
1188 1242 1331 1287 maior
1362 1243 1554 1300 horum,

266 1315 405 1377 quise
449 1316 755 1363 misericordes
778 1314 922 1361 videri
950 1313 1132 1370 volunt,
1159 1313 1307 1360 abiicit
1331 1326 1374 1360 et
1394 1312 1554 1361 fastidit

267 1402 382 1448 quos
426 1386 640 1443 adiuvat,
679 1386 966 1450 contingique
993 1385 1047 1430 ab
1086 1384 1151 1431 his
1187 1384 1312 1431 timet
1343 1401 1353 1430 ε
1397 1384 1468 1430 sed
1507 1396 1554 1432 ut

269 1457 411 1504 homo
442 1458 645 1516 homini,
681 1476 737 1505 ex
771 1457 999 1504 communi
1028 1456 1162 1504 dabit.
1190 1457 1392 1504 Donabit
1424 1457 1554 1504 lacri-

267 1531 352 1579 mis
372 1533 577 1580 maternis
605 1531 742 1578 filium
760 1565 774 1588 ,
809 1547 854 1579 et
875 1546 1045 1579 catenas
1064 1529 1178 1577 solvi
1206 1531 1377 1577 iubebit
1392 1566 1405 1587 ,
1427 1545 1470 1578 et
1489 1532 1554 1577 lu-

268 1604 330 1649 do
362 1604 550 1663 eximet,
584 1619 628 1652 et
657 1605 846 1653 cadaver
879 1604 1008 1651 etiam
1045 1604 1226 1649 noxium
1258 1603 1448 1666 sepeliet.
1494 1606 1552 1651 At

268 1674 400 1721 faciet
421 1676 496 1722 ista
513 1677 746 1740 tranquilla
767 1688 912 1723 mente
928 1711 941 1734 ‚
970 1676 1098 1723 vultu
1121 1675 1213 1722 suo.
1229 1678 1349 1739 Ergo
1370 1691 1461 1722 non
1479 1675 1555 1722 mi·

268 1747 481 1794 serebitur
519 1748 709 1810 sapienS,
749 1748 820 1795 sed
842 1748 1093 1802 succurret,
1130 1748 1203 1794 sed
1245 1748 1470 1810 proderit,
1506 1748 1553 1794 in

270 1838 509 1870 commune
533 1822 740 1869 auxilium
766 1835 913 1878 natus,
939 1839 990 1868 ac
1021 1822 1243 1884 publicum
1277 1822 1470 1879 bonum,
1495 1837 1552 1868 ex

269 1912 362 1958 quo
385 1895 501 1942 dabit
519 1897 678 1959 cuique
700 1908 866 1958 partem
887 1913 897 1942 ε
922 1896 1052 1942 etiam
1071 1896 1123 1941 ad
1149 1895 1446 1951 calamitosos,
1467 1912 1552 1957 pro

269 1966 506 2028 portione,
542 1966 862 2028 improbandos
892 1979 935 2014 et
969 1967 1269 2014 emendandos
1308 1967 1551 2014 bonitatem

271 2037 389 2084 suam
417 2039 651 2101 permittet.
683 2041 869 2089 Afflictis
899 2057 1037 2095 ver0,
1064 2053 1106 2087 et
1130 2040 1324 2087 fortuitis
1349 2040 1552 2088 laboran-

270 2111 388 2160 tibus
404 2145 418 2167 ,
447 2112 589 2160 multo
614 2114 818 2162 libentius
844 2113 1085 2161 subveniet.
1118 2113 1338 2173 Quotiens
1364 2114 1553 2176 poterit,

270 2186 472 2234 fortunae
498 2187 752 2236 intercedet.
782 2188 858 2235 ubi
884 2188 1002 2235 enim
1026 2188 1189 2250 opibus
1208 2187 1357 2251 potius
1380 2201 1553 2246 utetur,

271 2270 345 2304 aut
367 2259 536 2308 viribus
553 2293 566 2315 ‚
594 2278 724 2323 quam
745 2261 799 2307 ad
821 2259 1084 2306 restituenda
1107 2276 1218 2323 quae
1248 2260 1368 2306 casus
1398 2260 1549 2322 i-mpu-

270 2331 356 2378 lit?
389 2333 560 2379 vultum
590 2333 765 2396 quidem
791 2350 884 2380 non
909 2333 1084 2381 deiiciet
1106 2368 1121 2391 ,
1153 2350 1234 2380 nec
1264 2332 1456 2379 animum
1488 2333 1550 2378 ob

272 2404 530 2452 aeruscantis
550 2406 661 2453 civis
679 2406 845 2452 aridam
871 2423 921 2453 ac
938 2405 1176 2469 pannosam
1195 2404 1379 2451 maciem
1393 2439 1406 2461 ,
1423 2416 1465 2450 et
1482 2403 1550 2449 in-

275 2475 423 2526 nixam
450 2478 608 2531 baculo
633 2479 923 2530 sene&utem;
955 2491 1148 2530 ceterum
1174 2476 1382 2527 omnibus
1410 2474 1552 2540 dignis
