1742 2967
260 142 349 187 290
515 127 562 172 L.
605 124 902 170 ANNAEI
955 125 1302 171 SENECAE

254 244 398 296 gratus
413 267 426 290 9
443 231 598 296 quibus
617 229 753 295 gratia
780 230 935 278 referri
959 230 1046 277 fine
1066 230 1291 294 impendio
1318 247 1409 278 non
1436 247 1521 296 po·

253 304 361 351 test:
382 303 458 367 qui
477 314 602 367 negat
622 303 675 349 ab
693 302 759 349 his
778 301 989 365 accepiffe
1008 302 1072 359 se,
1092 319 1115 348 a
1135 303 1291 366 quibus
1313 321 1411 351 cum
1430 321 1524 351 ma.-

255 378 371 424 xime
389 377 550 439 accipit
565 393 578 431 ;
598 375 677 439 qui
696 387 740 422 et
764 374 931 437 semper
948 375 1090 422 daturi
1108 375 1229 434 sunt,
1246 386 1288 422 et
1305 393 1524 440 nunquam

253 449 505 512 recepturi?
540 451 715 508 Quanta
732 461 877 494 autem
897 446 1178 510 perverfitas,
1203 449 1264 494 ob
1287 448 1373 496 hoc
1395 449 1527 503 alicui

253 538 346 569 non
375 521 532 568 debere
552 555 565 577 ,
592 520 694 584 quia
726 519 854 568 etiam
889 519 1094 567 infitianti
1123 519 1335 584 benignus
1361 521 1423 568 est
1446 539 1457 568 :
1484 533 1528 569 et

255 594 630 644 continuationem
651 592 787 656 ipsam
801 629 814 652 ,
837 592 1075 656 seriemque
1096 593 1409 641 beneficiorum
1423 632 1437 653 ‚
1456 612 1526 642 ar-

252 679 510 732 gumentum
536 682 697 714 vocare
716 665 953 712 neceffario
975 665 1144 712 dantis?
1177 666 1298 713 Nolo
1317 685 1328 713 :
1347 667 1423 714 fibi
1444 668 1525 714 ha*-

253 743 367 790 beat.
399 740 496 804 quis
528 739 651 786 illum
688 739 848 801 rogat?
880 750 922 784 et
951 754 1106 785 omnes
1134 738 1234 785 alias
1263 739 1527 802 impudentis

252 814 388 862 animi
407 829 542 861 voces
565 812 632 859 his
660 810 842 858 adstrue.
865 812 972 856 Non
995 811 1096 857 ideo
1123 811 1177 857 de
1197 822 1238 857 te
1264 811 1405 859 minus
1428 828 1525 858 me-

251 900 372 934 retur
391 885 427 932 is
440 920 453 943 ,
474 884 596 931 cuius
622 882 852 929 liberalitas
872 882 927 928 ad
950 893 993 928 te
1010 878 1140 927 §tiam
1158 882 1261 928 dum
1281 899 1407 946 negas
1426 900 1527 946 per-
1588 895 1596 901 “

252 958 412 1006 venit:
439 957 644 1020 cuiusque
673 953 987 1002 beneficiorum
1015 955 1089 1002 vel
1113 955 1201 1003 hoc
1236 956 1479 1003 maximum
1507 992 1524 1015 ‚

251 1018 376 1097 quod
396 1031 524 1078 etiam
544 1028 745 1093 querenti
774 1028 948 1075 daturus
975 1027 1052 1076 est.

317 1107 490 1154 XXlV
516 1105 623 1150 Non
645 1102 805 1161 videS‚
819 1085 1193 1165 quemadmodum
1218 1114 1407 1150 teneram
1425 1102 1528 1150 libe-

252 1195 404 1226 rorum
434 1177 662 1224 infantiam
698 1186 896 1237 parentes
923 1175 981 1225 ,ad
1010 1175 1257 1222 salubrium
1271 1192 1421 1222 rerum
1447 1192 1525 1238 pa·-

250 1253 446 1300 tientiam
479 1249 672 1314 cogant?
700 1249 912 1296 Flentium
947 1265 1137 1312 corpora
1154 1286 1170 1307 ‚
1197 1266 1247 1297 ac
1279 1266 1526 1313 repugnan-

251 1325 360 1372 tium
376 1361 390 1383 ‚
412 1322 608 1387 diligenti
633 1338 735 1369 cura
758 1321 914 1370 fovent
943 1339 953 1368 z
981 1334 1024 1370 et
1053 1340 1107 1369 ne
1134 1323 1329 1369 membra
1355 1323 1525 1369 libertas

251 1400 479 1445 immatura
515 1398 802 1459 detorqueat,
833 1396 877 1441 in
909 1397 1074 1443 refilium
1111 1396 1278 1442 exitura
1306 1394 1525 1442 constrin-

251 1484 387 1535 gunt:
410 1483 451 1518 et
470 1487 575 1515 mox
594 1467 788 1514 liberalia
815 1459 949 1514 studia
977 1468 1220 1526 inculcant,
1243 1467 1440 1519 adhibito
1468 1468 1525 1514 ti-

251 1560 377 1590 more
404 1543 664 1589 nolentibus.
693 1542 764 1586 Ad
793 1540 1026 1597 ultimum,
1059 1542 1268 1588 audacem
1298 1540 1525 1587 iuventam

249 1614 510 1681 frugalitati,
537 1614 698 1677 pudori
711 1616 735 1670 ,'
752 1614 949 1659 moribus
968 1613 1121 1670 bonis,
1145 1613 1175 1658 st
1198 1604 1350 1676 parurn
1381 1612 1525 1676 sequi-

189 1720 193 1722 ν
240 1701 347 1748 tur,
377 1689 574 1736 coactam
602 1687 834 1750 applicant.
862 1686 1221 1733 Adolescentibus
1245 1702 1452 1749 quoque,
1476 1701 1526 1732 ac

248 1761 334 1807 iam
354 1760 607 1822 potentibus
629 1760 714 1816 sui,
737 1758 767 1804 fi
788 1760 978 1806 remedia
999 1772 1117 1807 metu
1136 1772 1209 1806 aut
1224 1760 1523 1821 intemperan-

247 1832 524 1881 tiaireiiciunt
539 1869 553 1891 ‚
584 1833 653 1879 vis
671 1831 900 1878 adhibetur
916 1849 966 1880 ac
994 1833 1192 1880 servitus.
1221 1837 1366 1896 ltaque
1389 1834 1524 1879 bene-

246 1905 448 1953 ficiorum
467 1904 656 1951 maxima
680 1904 803 1962 sunt,
829 1921 940 1968 quae
959 1922 982 1951 a
1000 1905 1248 1968 parentibus
1265 1904 1525 1968 accipimus,

245 1979 351 2024 dum
372 1989 443 2022 aut
460 1977 697 2034 nescimus,
717 1988 791 2022 aut
816 1978 1034 2024 nolumus.

310 2049 465 2095 XXV.
499 2050 580 2095 His
613 2049 818 2112 ingrati&
853 2062 896 2094 et
926 2047 1249 2110 repudiantibus
1279 2047 1490 2096 beneficia
1507 2084 1523 2108 ‚

232 2138 334 2175 ,non
353 2122 455 2185 quia
478 2123 659 2180 nolunt,
679 2122 754 2169 sed
774 2139 827 2168 ne
849 2122 1036 2170 debeant
1051 2158 1065 2181 ‚
1089 2122 1244 2169 fimiles
1264 2123 1363 2170 sunt
1378 2140 1434 2169 ex
1454 2122 1522 2169 di-

246 2194 374 2240 verso
406 2194 534 2241 nimis
569 2196 677 2258 grati
709 2211 719 2239 :
749 2196 825 2258 qni
854 2195 1016 2258 aliquid
1049 2195 1326 2242 incommodi
1355 2195 1523 2257 precari

243 2268 381 2314 sol-ent
412 2268 477 2313 his
505 2268 664 2330 quibus
693 2268 873 2331 obligati
902 2269 997 2314 sunt
1020 2304 1033 2325 ,
1057 2269 1219 2331 aliquid
1249 2267 1416 2314 adversi
1434 2303 1448 2325 ‚
1475 2267 1521 2313 in

240 2356 333 2403 quo
353 2338 552 2385 affectum
579 2357 824 2386 memorem
845 2340 1012 2402 accepti
1036 2339 1240 2386 beneficii
1264 2338 1524 2401 approbent.

244 2418 312 2456 An
339 2411 424 2458 boc
450 2411 563 2458 teile
585 2410 774 2467 faciant,
810 2426 853 2458 et
878 2412 949 2473 pia
980 2411 1238 2468 voluntate,
1268 2410 1521 2473 quaeritur:
