<?xml version="1.0" encoding="UTF-8"?>
<!DOCTYPE html PUBLIC "-//W3C//DTD XHTML 1.0 Transitional//EN"
    "http://www.w3.org/TR/xhtml1/DTD/xhtml1-transitional.dtd">
<html xmlns="http://www.w3.org/1999/xhtml" xml:lang="en" lang="en">
 <head>
  <title>
</title>
<meta http-equiv="Content-Type" content="text/html;charset=utf-8" />
  <meta name='ocr-system' content='tesseract 3.04.00' />
  <meta name='ocr-capabilities' content='ocr_page ocr_carea ocr_par ocr_line ocrx_word'/>
</head>
<body>
  <div class='ocr_page' id='page_1' title='image "./lannaeisenecaeph02seneuoft_0260.png"; bbox 0 0 1742 2967; ppageno 0'>
   <div class='ocr_carea' id='block_1_1' title="bbox 270 161 1330 225">
    <p class='ocr_par' dir='ltr' id='par_1_1' title="bbox 270 161 1330 225">
     <span class='ocr_line' id='line_1_1' title="bbox 270 161 1330 225; baseline 0.004 -15"><span class='ocrx_word' id='word_1_1' title='bbox 270 164 367 225; x_wconf 84' lang='lat'>236</span> <span class='ocrx_word' id='word_1_2' title='bbox 528 163 578 211; x_wconf 88' lang='lat' dir='ltr'>L.</span> <span class='ocrx_word' id='word_1_3' title='bbox 627 161 925 211; x_wconf 86' lang='lat' dir='ltr'><strong>ANNAEI</strong></span> <span class='ocrx_word' id='word_1_4' title='bbox 971 164 1330 214; x_wconf 88' lang='lat' dir='ltr'><strong>SENECAE</strong></span> 
     </span>
    </p>
   </div>
   <div class='ocr_carea' id='block_1_2' title="bbox 264 269 1609 2526">
    <p class='ocr_par' dir='ltr' id='par_1_2' title="bbox 267 269 1552 406">
     <span class='ocr_line' id='line_1_2' title="bbox 268 269 1552 337; baseline 0.005 -20"><span class='ocrx_word' id='word_1_5' title='bbox 268 270 408 333; x_wconf 89' lang='lat' dir='ltr'>digno</span> <span class='ocrx_word' id='word_1_6' title='bbox 434 270 637 335; x_wconf 85' lang='lat' dir='ltr'>negabo,</span> <span class='ocrx_word' id='word_1_7' title='bbox 670 281 715 318; x_wconf 89' lang='lat' dir='ltr'>et</span> <span class='ocrx_word' id='word_1_8' title='bbox 741 269 954 319; x_wconf 85' lang='lat' dir='ltr'>irascendi</span> <span class='ocrx_word' id='word_1_9' title='bbox 976 287 1158 337; x_wconf 90' lang='lat' dir='ltr'>quoque</span> <span class='ocrx_word' id='word_1_10' title='bbox 1181 273 1353 320; x_wconf 87' lang='lat' dir='ltr'>causam</span> <span class='ocrx_word' id='word_1_11' title='bbox 1379 272 1552 323; x_wconf 87' lang='lat' dir='ltr'>habebo</span> 
     </span>
     <span class='ocr_line' id='line_1_3' title="bbox 267 343 493 406; baseline -0.009 -15"><span class='ocrx_word' id='word_1_12' title='bbox 267 343 493 406; x_wconf 87' lang='lat' dir='ltr'>deceptus.</span> 
     </span>
    </p>

    <p class='ocr_par' dir='ltr' id='par_1_3' title="bbox 264 415 1609 1872">
     <span class='ocr_line' id='line_1_4' title="bbox 333 415 1552 482; baseline 0.003 -20"><span class='ocrx_word' id='word_1_13' title='bbox 333 417 555 463; x_wconf 90' lang='lat' dir='ltr'>XXXVI.</span> <span class='ocrx_word' id='word_1_14' title='bbox 582 415 812 478; x_wconf 81' lang='lat' dir='ltr'>Inspiciam</span> <span class='ocrx_word' id='word_1_15' title='bbox 831 429 977 463; x_wconf 89' lang='lat' dir='ltr'>tamen</span> <span class='ocrx_word' id='word_1_16' title='bbox 993 451 1006 473; x_wconf 95' lang='lat'>,</span> <span class='ocrx_word' id='word_1_17' title='bbox 1022 430 1067 464; x_wconf 91' lang='lat' dir='ltr'>et</span> <span class='ocrx_word' id='word_1_18' title='bbox 1086 433 1295 482; x_wconf 85' lang='lat' dir='ltr'>quantum</span> <span class='ocrx_word' id='word_1_19' title='bbox 1317 417 1368 465; x_wconf 89' lang='lat' dir='ltr'>fit</span> <span class='ocrx_word' id='word_1_20' title='bbox 1387 418 1440 466; x_wconf 94' lang='lat' dir='ltr'>de</span> <span class='ocrx_word' id='word_1_21' title='bbox 1459 435 1552 482; x_wconf 86' lang='lat' dir='ltr'>quo</span> 
     </span>
     <span class='ocr_line' id='line_1_5' title="bbox 267 490 1550 554; baseline 0.001 -17"><span class='ocrx_word' id='word_1_22' title='bbox 267 490 412 554; x_wconf 81' lang='lat' dir='ltr'>agitur</span> <span class='ocrx_word' id='word_1_23' title='bbox 437 508 448 536; x_wconf 91' lang='lat'>:</span> <span class='ocrx_word' id='word_1_24' title='bbox 477 490 597 536; x_wconf 85' lang='lat' dir='ltr'>dabit</span> <span class='ocrx_word' id='word_1_25' title='bbox 625 491 733 538; x_wconf 86' lang='lat' dir='ltr'>mihi</span> <span class='ocrx_word' id='word_1_26' title='bbox 758 490 988 538; x_wconf 82' lang='lat' dir='ltr'>consilium</span> <span class='ocrx_word' id='word_1_27' title='bbox 1017 492 1246 553; x_wconf 74' lang='lat' dir='ltr'>promissae</span> <span class='ocrx_word' id='word_1_28' title='bbox 1278 493 1341 539; x_wconf 91' lang='lat' dir='ltr'>rei</span> <span class='ocrx_word' id='word_1_29' title='bbox 1374 493 1550 540; x_wconf 83' lang='lat' dir='ltr'>modus.</span> 
     </span>
     <span class='ocr_line' id='line_1_6' title="bbox 269 562 1552 628; baseline 0.002 -19"><span class='ocrx_word' id='word_1_30' title='bbox 269 563 314 609; x_wconf 86' lang='lat' dir='ltr'>Si</span> <span class='ocrx_word' id='word_1_31' title='bbox 340 563 548 625; x_wconf 81' lang='lat' dir='ltr'>exiguum</span> <span class='ocrx_word' id='word_1_32' title='bbox 579 562 662 619; x_wconf 91' lang='lat' dir='ltr'>est,</span> <span class='ocrx_word' id='word_1_33' title='bbox 681 563 797 610; x_wconf 86' lang='lat' dir='ltr'>dabo</span> <span class='ocrx_word' id='word_1_34' title='bbox 819 581 830 609; x_wconf 73' lang='grc' dir='ltr'>ε</span> <span class='ocrx_word' id='word_1_35' title='bbox 855 579 946 608; x_wconf 92' lang='lat' dir='ltr'>non</span> <span class='ocrx_word' id='word_1_36' title='bbox 963 564 1066 626; x_wconf 84' lang='lat' dir='ltr'>quia</span> <span class='ocrx_word' id='word_1_37' title='bbox 1090 565 1244 628; x_wconf 85' lang='lat' dir='ltr'>dignus</span> <span class='ocrx_word' id='word_1_38' title='bbox 1262 581 1334 620; x_wconf 89' lang='lat' dir='ltr'>es,</span> <span class='ocrx_word' id='word_1_39' title='bbox 1360 565 1431 612; x_wconf 92' lang='lat' dir='ltr'>sed</span> <span class='ocrx_word' id='word_1_40' title='bbox 1451 565 1552 628; x_wconf 84' lang='lat' dir='ltr'>quia</span> 
     </span>
     <span class='ocr_line' id='line_1_7' title="bbox 268 635 1552 700; baseline 0.002 -18"><span class='ocrx_word' id='word_1_41' title='bbox 268 635 466 700; x_wconf 77' lang='lat' dir='ltr'>promisi.</span> <span class='ocrx_word' id='word_1_42' title='bbox 496 654 578 683; x_wconf 91' lang='lat' dir='ltr'>nec</span> <span class='ocrx_word' id='word_1_43' title='bbox 608 648 814 700; x_wconf 82' lang='lat' dir='ltr'>tanquam</span> <span class='ocrx_word' id='word_1_44' title='bbox 843 653 1002 683; x_wconf 89' lang='lat' dir='ltr'>munus</span> <span class='ocrx_word' id='word_1_45' title='bbox 1028 637 1171 696; x_wconf 85' lang='lat' dir='ltr'>dabo,</span> <span class='ocrx_word' id='word_1_46' title='bbox 1195 638 1270 685; x_wconf 91' lang='lat' dir='ltr'>sed</span> <span class='ocrx_word' id='word_1_47' title='bbox 1294 639 1429 686; x_wconf 83' lang='lat' dir='ltr'>verba</span> <span class='ocrx_word' id='word_1_48' title='bbox 1454 656 1552 685; x_wconf 88' lang='lat' dir='ltr'>mea</span> 
     </span>
     <span class='ocr_line' id='line_1_8' title="bbox 266 709 1553 772; baseline 0.001 -16"><span class='ocrx_word' id='word_1_49' title='bbox 266 709 509 766; x_wconf 83' lang='lat' dir='ltr'>redimam,</span> <span class='ocrx_word' id='word_1_50' title='bbox 533 725 577 757; x_wconf 90' lang='lat' dir='ltr'>et</span> <span class='ocrx_word' id='word_1_51' title='bbox 604 725 753 757; x_wconf 87' lang='lat' dir='ltr'>aurem</span> <span class='ocrx_word' id='word_1_52' title='bbox 785 710 893 755; x_wconf 89' lang='lat' dir='ltr'>mihi</span> <span class='ocrx_word' id='word_1_53' title='bbox 925 710 1166 772; x_wconf 87' lang='lat' dir='ltr'>pervellam</span> <span class='ocrx_word' id='word_1_54' title='bbox 1194 729 1206 758; x_wconf 75' lang='lat' dir='ltr'>t</span> <span class='ocrx_word' id='word_1_55' title='bbox 1233 712 1398 759; x_wconf 84' lang='lat' dir='ltr'>damno</span> <span class='ocrx_word' id='word_1_56' title='bbox 1422 712 1553 758; x_wconf 82' lang='lat' dir='ltr'>casti·</span> 
     </span>
     <span class='ocr_line' id='line_1_9' title="bbox 268 782 1606 846; baseline 0.001 -17"><span class='ocrx_word' id='word_1_57' title='bbox 268 783 384 846; x_wconf 83' lang='lat' dir='ltr'>gabo</span> <span class='ocrx_word' id='word_1_58' title='bbox 417 782 716 846; x_wconf 88' lang='lat' dir='ltr'>promittentis</span> <span class='ocrx_word' id='word_1_59' title='bbox 745 783 1048 830; x_wconf 80' lang='lat' dir='ltr'><strong>temeritatem.</strong></span> <span class='ocrx_word' id='word_1_60' title='bbox 1083 786 1198 832; x_wconf 90' lang='lat' dir='ltr'>Ecce</span> <span class='ocrx_word' id='word_1_61' title='bbox 1228 797 1278 832; x_wconf 88' lang='lat' dir='ltr'>ut</span> <span class='ocrx_word' id='word_1_62' title='bbox 1303 786 1471 844; x_wconf 88' lang='lat' dir='ltr'>doleat,</span> <span class='ocrx_word' id='word_1_63' title='bbox 1504 797 1550 832; x_wconf 84' lang='lat' dir='ltr'>ut</span> <span class='ocrx_word' id='word_1_64' title='bbox 1600 821 1606 825; x_wconf 77' lang='grc'>.</span> 
     </span>
     <span class='ocr_line' id='line_1_10' title="bbox 266 855 1550 919; baseline 0.002 -17"><span class='ocrx_word' id='word_1_65' title='bbox 266 855 418 919; x_wconf 85' lang='lat' dir='ltr'>postea</span> <span class='ocrx_word' id='word_1_66' title='bbox 444 855 758 904; x_wconf 86' lang='lat' dir='ltr'>consideratius</span> <span class='ocrx_word' id='word_1_67' title='bbox 784 855 1004 918; x_wconf 83' lang='lat' dir='ltr'>loquaris:</span> <span class='ocrx_word' id='word_1_68' title='bbox 1025 857 1148 919; x_wconf 87' lang='lat' dir='ltr'>quod</span> <span class='ocrx_word' id='word_1_69' title='bbox 1171 856 1317 905; x_wconf 85' lang='lat' dir='ltr'><strong>dicere</strong></span> <span class='ocrx_word' id='word_1_70' title='bbox 1340 857 1550 915; x_wconf 80' lang='lat' dir='ltr'>solemus,</span> 
     </span>
     <span class='ocr_line' id='line_1_11' title="bbox 264 928 1547 993; baseline 0 -17"><span class='ocrx_word' id='word_1_71' title='bbox 264 929 529 993; x_wconf 83' lang='lat' dir='ltr'>linguarium</span> <span class='ocrx_word' id='word_1_72' title='bbox 570 930 698 975; x_wconf 83' lang='lat' dir='ltr'>dabo.</span> <span class='ocrx_word' id='word_1_73' title='bbox 746 928 789 974; x_wconf 86' lang='lat' dir='ltr'>Si</span> <span class='ocrx_word' id='word_1_74' title='bbox 822 928 960 974; x_wconf 85' lang='lat' dir='ltr'>maius</span> <span class='ocrx_word' id='word_1_75' title='bbox 989 928 1101 986; x_wconf 88' lang='lat' dir='ltr'>erit,</span> <span class='ocrx_word' id='word_1_76' title='bbox 1138 946 1233 976; x_wconf 90' lang='lat' dir='ltr'>non</span> <span class='ocrx_word' id='word_1_77' title='bbox 1273 930 1547 978; x_wconf 83' lang='lat' dir='ltr'>committam</span> 
     </span>
     <span class='ocr_line' id='line_1_12' title="bbox 268 999 1609 1068; baseline 0 -18"><span class='ocrx_word' id='word_1_78' title='bbox 268 1002 680 1068; x_wconf 84' lang='lat' dir='ltr'>(quemadmodum</span> <span class='ocrx_word' id='word_1_79' title='bbox 714 1001 946 1048; x_wconf 82' lang='lat' dir='ltr'>Maecenas</span> <span class='ocrx_word' id='word_1_80' title='bbox 972 999 1061 1064; x_wconf 82' lang='lat' dir='ltr'>ait)</span> <span class='ocrx_word' id='word_1_81' title='bbox 1090 1013 1136 1048; x_wconf 88' lang='lat' dir='ltr'>ut</span> <span class='ocrx_word' id='word_1_82' title='bbox 1163 1002 1359 1050; x_wconf 89' lang='lat' dir='ltr'>sestertio</span> <span class='ocrx_word' id='word_1_83' title='bbox 1385 1005 1548 1050; x_wconf 85' lang='lat' dir='ltr'><strong>centies</strong></span> <span class='ocrx_word' id='word_1_84' title='bbox 1603 1037 1609 1045; x_wconf 80' lang='lat'><em>-</em></span> 
     </span>
     <span class='ocr_line' id='line_1_13' title="bbox 268 1075 1550 1141; baseline -0.002 -16"><span class='ocrx_word' id='word_1_85' title='bbox 268 1076 567 1140; x_wconf 83' lang='lat' dir='ltr'>obiurgandus</span> <span class='ocrx_word' id='word_1_86' title='bbox 591 1076 683 1122; x_wconf 86' lang='lat' dir='ltr'>fim.</span> <span class='ocrx_word' id='word_1_87' title='bbox 707 1077 824 1122; x_wconf 86' lang='lat' dir='ltr'>Inter</span> <span class='ocrx_word' id='word_1_88' title='bbox 848 1075 933 1122; x_wconf 89' lang='lat' dir='ltr'>sese</span> <span class='ocrx_word' id='word_1_89' title='bbox 952 1077 1069 1122; x_wconf 86' lang='lat' dir='ltr'>enim</span> <span class='ocrx_word' id='word_1_90' title='bbox 1097 1088 1337 1140; x_wconf 84' lang='lat' dir='ltr'>utrumque</span> <span class='ocrx_word' id='word_1_91' title='bbox 1366 1094 1550 1141; x_wconf 86' lang='lat' dir='ltr'>compa-</span> 
     </span>
     <span class='ocr_line' id='line_1_14' title="bbox 269 1149 1554 1214; baseline 0 -16"><span class='ocrx_word' id='word_1_92' title='bbox 269 1152 394 1198; x_wconf 87' lang='lat' dir='ltr'>rabo.</span> <span class='ocrx_word' id='word_1_93' title='bbox 420 1149 494 1196; x_wconf 84' lang='lat' dir='ltr'>Est</span> <span class='ocrx_word' id='word_1_94' title='bbox 519 1149 710 1211; x_wconf 82' lang='lat' dir='ltr'>aliquid,</span> <span class='ocrx_word' id='word_1_95' title='bbox 744 1150 790 1195; x_wconf 88' lang='lat' dir='ltr'>in</span> <span class='ocrx_word' id='word_1_96' title='bbox 815 1166 872 1195; x_wconf 95' lang='lat' dir='ltr'>eo</span> <span class='ocrx_word' id='word_1_97' title='bbox 896 1150 1020 1212; x_wconf 89' lang='lat' dir='ltr'>quod</span> <span class='ocrx_word' id='word_1_98' title='bbox 1043 1150 1326 1212; x_wconf 85' lang='lat' dir='ltr'>promiseris,</span> <span class='ocrx_word' id='word_1_99' title='bbox 1353 1151 1554 1214; x_wconf 88' lang='lat' dir='ltr'>perseve-</span> 
     </span>
     <span class='ocr_line' id='line_1_15' title="bbox 270 1220 1551 1286; baseline -0.001 -17"><span class='ocrx_word' id='word_1_100' title='bbox 270 1239 396 1269; x_wconf 84' lang='lat' dir='ltr'>rare:</span> <span class='ocrx_word' id='word_1_101' title='bbox 418 1221 481 1269; x_wconf 91' lang='lat' dir='ltr'>est</span> <span class='ocrx_word' id='word_1_102' title='bbox 505 1220 647 1268; x_wconf 87' lang='lat' dir='ltr'>rursus</span> <span class='ocrx_word' id='word_1_103' title='bbox 670 1222 858 1268; x_wconf 88' lang='lat' dir='ltr'>multum</span> <span class='ocrx_word' id='word_1_104' title='bbox 895 1221 940 1266; x_wconf 92' lang='lat' dir='ltr'>in</span> <span class='ocrx_word' id='word_1_105' title='bbox 966 1237 1051 1280; x_wconf 89' lang='lat' dir='ltr'>eo,</span> <span class='ocrx_word' id='word_1_106' title='bbox 1084 1238 1139 1268; x_wconf 92' lang='lat' dir='ltr'>ne</span> <span class='ocrx_word' id='word_1_107' title='bbox 1169 1221 1354 1286; x_wconf 87' lang='lat' dir='ltr'>indigno</span> <span class='ocrx_word' id='word_1_108' title='bbox 1384 1222 1551 1270; x_wconf 83' lang='lat' dir='ltr'>benefi-</span> 
     </span>
     <span class='ocr_line' id='line_1_16' title="bbox 271 1293 1550 1356; baseline -0.002 -13"><span class='ocrx_word' id='word_1_109' title='bbox 271 1296 387 1343; x_wconf 87' lang='lat' dir='ltr'>cium</span> <span class='ocrx_word' id='word_1_110' title='bbox 418 1295 507 1342; x_wconf 93' lang='lat' dir='ltr'>des.</span> <span class='ocrx_word' id='word_1_111' title='bbox 541 1295 643 1341; x_wconf 89' lang='lat' dir='ltr'>Hoc</span> <span class='ocrx_word' id='word_1_112' title='bbox 667 1308 813 1340; x_wconf 88' lang='lat' dir='ltr'>tamen</span> <span class='ocrx_word' id='word_1_113' title='bbox 838 1304 1049 1356; x_wconf 86' lang='lat' dir='ltr'>quantum</span> <span class='ocrx_word' id='word_1_114' title='bbox 1075 1293 1147 1352; x_wconf 89' lang='lat' dir='ltr'>fit,</span> <span class='ocrx_word' id='word_1_115' title='bbox 1170 1295 1497 1343; x_wconf 88' lang='lat' dir='ltr'>attendendum.</span> <span class='ocrx_word' id='word_1_116' title='bbox 1520 1295 1550 1341; x_wconf 84' lang='lat' dir='ltr'>si</span> 
     </span>
     <span class='ocr_line' id='line_1_17' title="bbox 272 1367 1554 1431; baseline -0.002 -15"><span class='ocrx_word' id='word_1_117' title='bbox 272 1372 394 1427; x_wconf 81' lang='lat' dir='ltr'>leve,</span> <span class='ocrx_word' id='word_1_118' title='bbox 425 1368 742 1416; x_wconf 82' lang='lat' dir='ltr'>conniveamus</span> <span class='ocrx_word' id='word_1_119' title='bbox 764 1386 774 1414; x_wconf 92' lang='lat'>:</span> <span class='ocrx_word' id='word_1_120' title='bbox 798 1367 825 1413; x_wconf 86' lang='lat' dir='ltr'>fi</span> <span class='ocrx_word' id='word_1_121' title='bbox 850 1384 960 1414; x_wconf 91' lang='lat' dir='ltr'>vero</span> <span class='ocrx_word' id='word_1_122' title='bbox 991 1384 1154 1431; x_wconf 88' lang='lat' dir='ltr'>magno</span> <span class='ocrx_word' id='word_1_123' title='bbox 1182 1368 1292 1414; x_wconf 83' lang='lat' dir='ltr'>mihi</span> <span class='ocrx_word' id='word_1_124' title='bbox 1317 1380 1392 1414; x_wconf 87' lang='lat' dir='ltr'>aut</span> <span class='ocrx_word' id='word_1_125' title='bbox 1419 1369 1554 1415; x_wconf 86' lang='lat' dir='ltr'>detri-</span> 
     </span>
     <span class='ocr_line' id='line_1_18' title="bbox 273 1435 1554 1498; baseline -0.002 -11"><span class='ocrx_word' id='word_1_126' title='bbox 273 1452 448 1498; x_wconf 83' lang='lat' dir='ltr'>mento,</span> <span class='ocrx_word' id='word_1_127' title='bbox 484 1451 558 1487; x_wconf 86' lang='lat' dir='ltr'>aut</span> <span class='ocrx_word' id='word_1_128' title='bbox 583 1440 737 1487; x_wconf 90' lang='lat' dir='ltr'>rubori</span> <span class='ocrx_word' id='word_1_129' title='bbox 762 1439 987 1496; x_wconf 86' lang='lat' dir='ltr'>futurum,</span> <span class='ocrx_word' id='word_1_130' title='bbox 1018 1440 1138 1486; x_wconf 86' lang='lat' dir='ltr'>malo</span> <span class='ocrx_word' id='word_1_131' title='bbox 1167 1439 1296 1486; x_wconf 90' lang='lat' dir='ltr'>semel</span> <span class='ocrx_word' id='word_1_132' title='bbox 1323 1435 1554 1496; x_wconf 83' lang='lat' dir='ltr'>excusare,</span> 
     </span>
     <span class='ocr_line' id='line_1_19' title="bbox 271 1511 1554 1579; baseline -0.003 -17"><span class='ocrx_word' id='word_1_133' title='bbox 271 1531 406 1579; x_wconf 85' lang='lat' dir='ltr'>quare</span> <span class='ocrx_word' id='word_1_134' title='bbox 423 1514 693 1578; x_wconf 84' lang='lat' dir='ltr'>negaverim,</span> <span class='ocrx_word' id='word_1_135' title='bbox 711 1531 843 1578; x_wconf 86' lang='lat' dir='ltr'>quam</span> <span class='ocrx_word' id='word_1_136' title='bbox 867 1513 1053 1576; x_wconf 88' lang='lat' dir='ltr'>semper,</span> <span class='ocrx_word' id='word_1_137' title='bbox 1073 1528 1209 1576; x_wconf 86' lang='lat' dir='ltr'>quare</span> <span class='ocrx_word' id='word_1_138' title='bbox 1227 1511 1439 1558; x_wconf 87' lang='lat' dir='ltr'>dederim.</span> <span class='ocrx_word' id='word_1_139' title='bbox 1458 1513 1554 1558; x_wconf 93' lang='lat' dir='ltr'>To-</span> 
     </span>
     <span class='ocr_line' id='line_1_20' title="bbox 273 1581 1552 1650; baseline -0.005 -15"><span class='ocrx_word' id='word_1_140' title='bbox 273 1600 395 1643; x_wconf 81' lang='lat' dir='ltr'>tum,</span> <span class='ocrx_word' id='word_1_141' title='bbox 427 1587 630 1650; x_wconf 82' lang='lat' dir='ltr'>inquam,</span> <span class='ocrx_word' id='word_1_142' title='bbox 661 1587 707 1632; x_wconf 89' lang='lat' dir='ltr'>in</span> <span class='ocrx_word' id='word_1_143' title='bbox 729 1602 785 1632; x_wconf 90' lang='lat' dir='ltr'>eo</span> <span class='ocrx_word' id='word_1_144' title='bbox 811 1585 899 1643; x_wconf 85' lang='lat' dir='ltr'>est,</span> <span class='ocrx_word' id='word_1_145' title='bbox 919 1584 1070 1648; x_wconf 87' lang='lat' dir='ltr'>quanti</span> <span class='ocrx_word' id='word_1_146' title='bbox 1095 1581 1292 1646; x_wconf 83' lang='lat' dir='ltr'>promiffi</span> <span class='ocrx_word' id='word_1_147' title='bbox 1323 1581 1412 1629; x_wconf 89' lang='lat' dir='ltr'>mei</span> <span class='ocrx_word' id='word_1_148' title='bbox 1447 1598 1552 1629; x_wconf 89' lang='lat' dir='ltr'>ver-</span> 
     </span>
     <span class='ocr_line' id='line_1_21' title="bbox 274 1656 1552 1721; baseline -0.007 -11"><span class='ocrx_word' id='word_1_149' title='bbox 274 1663 330 1709; x_wconf 84' lang='lat' dir='ltr'>ba</span> <span class='ocrx_word' id='word_1_150' title='bbox 366 1673 583 1710; x_wconf 85' lang='lat' dir='ltr'>taxentur.</span> <span class='ocrx_word' id='word_1_151' title='bbox 629 1661 735 1706; x_wconf 93' lang='lat' dir='ltr'>Non</span> <span class='ocrx_word' id='word_1_152' title='bbox 767 1670 935 1706; x_wconf 82' lang='lat' dir='ltr'>tantum</span> <span class='ocrx_word' id='word_1_153' title='bbox 972 1658 1098 1721; x_wconf 89' lang='lat' dir='ltr'>quod</span> <span class='ocrx_word' id='word_1_154' title='bbox 1135 1668 1301 1704; x_wconf 89' lang='lat' dir='ltr'>temere</span> <span class='ocrx_word' id='word_1_155' title='bbox 1336 1656 1517 1718; x_wconf 82' lang='lat' dir='ltr'>promisi</span> <span class='ocrx_word' id='word_1_156' title='bbox 1538 1690 1552 1712; x_wconf 89' lang='lat'>,</span> 
     </span>
     <span class='ocr_line' id='line_1_22' title="bbox 274 1730 1552 1796; baseline -0.006 -13"><span class='ocrx_word' id='word_1_157' title='bbox 274 1735 498 1793; x_wconf 76' lang='lat' dir='ltr'>retinebo,</span> <span class='ocrx_word' id='word_1_158' title='bbox 523 1735 596 1782; x_wconf 93' lang='lat' dir='ltr'>sed</span> <span class='ocrx_word' id='word_1_159' title='bbox 619 1733 743 1796; x_wconf 90' lang='lat' dir='ltr'>quod</span> <span class='ocrx_word' id='word_1_160' title='bbox 776 1748 868 1778; x_wconf 91' lang='lat' dir='ltr'>non</span> <span class='ocrx_word' id='word_1_161' title='bbox 892 1732 1011 1779; x_wconf 61' lang='lat' dir='ltr'>recte</span> <span class='ocrx_word' id='word_1_162' title='bbox 1038 1730 1167 1788; x_wconf 90' lang='lat' dir='ltr'>dedi,</span> <span class='ocrx_word' id='word_1_163' title='bbox 1198 1744 1405 1793; x_wconf 84' lang='lat' dir='ltr'>repetam.</span> <span class='ocrx_word' id='word_1_164' title='bbox 1450 1730 1552 1776; x_wconf 87' lang='lat' dir='ltr'>De-</span> 
     </span>
     <span class='ocr_line' id='line_1_23' title="bbox 271 1803 1170 1872; baseline -0.008 -14"><span class='ocrx_word' id='word_1_165' title='bbox 271 1827 395 1858; x_wconf 85' lang='lat' dir='ltr'>mens</span> <span class='ocrx_word' id='word_1_166' title='bbox 420 1808 508 1864; x_wconf 84' lang='lat' dir='ltr'>est,</span> <span class='ocrx_word' id='word_1_167' title='bbox 537 1806 613 1872; x_wconf 86' lang='lat' dir='ltr'>qui</span> <span class='ocrx_word' id='word_1_168' title='bbox 639 1806 771 1854; x_wconf 88' lang='lat' dir='ltr'>fidem</span> <span class='ocrx_word' id='word_1_169' title='bbox 805 1803 989 1868; x_wconf 86' lang='lat' dir='ltr'>praestat</span> <span class='ocrx_word' id='word_1_170' title='bbox 1013 1803 1170 1852; x_wconf 88' lang='lat' dir='ltr'>errori.</span> 
     </span>
    </p>

    <p class='ocr_par' dir='ltr' id='par_1_4' title="bbox 270 1872 1554 2526">
     <span class='ocr_line' id='line_1_24' title="bbox 339 1872 1553 1942; baseline -0.009 -11"><span class='ocrx_word' id='word_1_171' title='bbox 339 1885 579 1931; x_wconf 84' lang='lat' dir='ltr'>XXXVII.</span> <span class='ocrx_word' id='word_1_172' title='bbox 609 1880 834 1942; x_wconf 86' lang='lat' dir='ltr'>Philippus</span> <span class='ocrx_word' id='word_1_173' title='bbox 857 1878 1156 1925; x_wconf 81' lang='lat' dir='ltr'>Macedonum</span> <span class='ocrx_word' id='word_1_174' title='bbox 1180 1891 1256 1922; x_wconf 82' lang='lat' dir='ltr'>rex</span> <span class='ocrx_word' id='word_1_175' title='bbox 1272 1873 1456 1929; x_wconf 85' lang='lat' dir='ltr'>habebat</span> <span class='ocrx_word' id='word_1_176' title='bbox 1475 1872 1553 1920; x_wconf 88' lang='lat' dir='ltr'>mi-</span> 
     </span>
     <span class='ocr_line' id='line_1_25' title="bbox 270 1948 1553 2012; baseline -0.009 -6"><span class='ocrx_word' id='word_1_177' title='bbox 270 1958 392 2006; x_wconf 80' lang='lat' dir='ltr'>litem</span> <span class='ocrx_word' id='word_1_178' title='bbox 423 1973 555 2004; x_wconf 87' lang='lat' dir='ltr'>manu</span> <span class='ocrx_word' id='word_1_179' title='bbox 580 1955 771 2009; x_wconf 88' lang='lat' dir='ltr'>fortem,</span> <span class='ocrx_word' id='word_1_180' title='bbox 804 1954 928 2002; x_wconf 87' lang='lat' dir='ltr'>cuius</span> <span class='ocrx_word' id='word_1_181' title='bbox 955 1953 1001 1998; x_wconf 89' lang='lat' dir='ltr'>in</span> <span class='ocrx_word' id='word_1_182' title='bbox 1027 1951 1172 1998; x_wconf 86' lang='lat' dir='ltr'>multis</span> <span class='ocrx_word' id='word_1_183' title='bbox 1200 1948 1553 2012; x_wconf 79' lang='lat' dir='ltr'>expeditionibus</span> 
     </span>
     <span class='ocr_line' id='line_1_26' title="bbox 272 2021 1552 2091; baseline -0.008 -14"><span class='ocrx_word' id='word_1_184' title='bbox 272 2031 424 2077; x_wconf 83' lang='lat' dir='ltr'>utilem</span> <span class='ocrx_word' id='word_1_185' title='bbox 446 2039 646 2091; x_wconf 81' lang='lat' dir='ltr'>expertus</span> <span class='ocrx_word' id='word_1_186' title='bbox 673 2042 881 2090; x_wconf 84' lang='lat' dir='ltr'>operam,</span> <span class='ocrx_word' id='word_1_187' title='bbox 910 2024 1092 2072; x_wconf 87' lang='lat' dir='ltr'>subinde</span> <span class='ocrx_word' id='word_1_188' title='bbox 1120 2041 1175 2069; x_wconf 79' lang='lat' dir='ltr'>ex</span> <span class='ocrx_word' id='word_1_189' title='bbox 1205 2023 1362 2085; x_wconf 86' lang='lat' dir='ltr'>praeda</span> <span class='ocrx_word' id='word_1_190' title='bbox 1388 2021 1552 2085; x_wconf 82' lang='lat' dir='ltr'>aliquid</span> 
     </span>
     <span class='ocr_line' id='line_1_27' title="bbox 273 2095 1552 2156; baseline -0.008 -7"><span class='ocrx_word' id='word_1_191' title='bbox 273 2101 338 2150; x_wconf 82' lang='lat' dir='ltr'>illi</span> <span class='ocrx_word' id='word_1_192' title='bbox 370 2100 549 2149; x_wconf 87' lang='lat' dir='ltr'>virtutis</span> <span class='ocrx_word' id='word_1_193' title='bbox 578 2098 702 2146; x_wconf 85' lang='lat' dir='ltr'>causa</span> <span class='ocrx_word' id='word_1_194' title='bbox 732 2099 1004 2156; x_wconf 87' lang='lat' dir='ltr'>donaverat,</span> <span class='ocrx_word' id='word_1_195' title='bbox 1035 2108 1078 2144; x_wconf 89' lang='lat' dir='ltr'>et</span> <span class='ocrx_word' id='word_1_196' title='bbox 1105 2096 1331 2143; x_wconf 91' lang='lat' dir='ltr'>hominem</span> <span class='ocrx_word' id='word_1_197' title='bbox 1357 2095 1552 2141; x_wconf 81' lang='lat' dir='ltr'>vaenalis</span> 
     </span>
     <span class='ocr_line' id='line_1_28' title="bbox 274 2168 1552 2222; baseline -0.005 0"><span class='ocrx_word' id='word_1_198' title='bbox 274 2175 444 2222; x_wconf 84' lang='lat' dir='ltr'>animae</span> <span class='ocrx_word' id='word_1_199' title='bbox 470 2173 634 2221; x_wconf 87' lang='lat' dir='ltr'>crebris</span> <span class='ocrx_word' id='word_1_200' title='bbox 657 2172 994 2219; x_wconf 70' lang='lat' dir='ltr'>au&amp;oramentis</span> <span class='ocrx_word' id='word_1_201' title='bbox 1023 2170 1301 2218; x_wconf 87' lang='lat' dir='ltr'>accendebat.</span> <span class='ocrx_word' id='word_1_202' title='bbox 1336 2168 1423 2215; x_wconf 91' lang='lat' dir='ltr'>Hic</span> <span class='ocrx_word' id='word_1_203' title='bbox 1443 2184 1552 2216; x_wconf 87' lang='lat' dir='ltr'>nau·</span> 
     </span>
     <span class='ocr_line' id='line_1_29' title="bbox 277 2240 1552 2310; baseline -0.006 -17"><span class='ocrx_word' id='word_1_204' title='bbox 277 2247 424 2310; x_wconf 82' lang='lat' dir='ltr'>fragus</span> <span class='ocrx_word' id='word_1_205' title='bbox 448 2244 493 2291; x_wconf 92' lang='lat' dir='ltr'>in</span> <span class='ocrx_word' id='word_1_206' title='bbox 519 2244 802 2309; x_wconf 81' lang='lat' dir='ltr'>poffeffiones</span> <span class='ocrx_word' id='word_1_207' title='bbox 826 2245 1050 2292; x_wconf 85' lang='lat' dir='ltr'>cuiusdam</span> <span class='ocrx_word' id='word_1_208' title='bbox 1071 2241 1330 2291; x_wconf 86' lang='lat' dir='ltr'>Macedonis</span> <span class='ocrx_word' id='word_1_209' title='bbox 1350 2240 1552 2304; x_wconf 86' lang='lat' dir='ltr'>expulsus</span> 
     </span>
     <span class='ocr_line' id='line_1_30' title="bbox 276 2315 1550 2380; baseline -0.005 -14"><span class='ocrx_word' id='word_1_210' title='bbox 276 2319 352 2367; x_wconf 82' lang='lat' dir='ltr'>est.</span> <span class='ocrx_word' id='word_1_211' title='bbox 385 2332 434 2367; x_wconf 90' lang='lat' dir='ltr'>ut</span> <span class='ocrx_word' id='word_1_212' title='bbox 454 2320 699 2367; x_wconf 87' lang='lat' dir='ltr'>nuntiatum</span> <span class='ocrx_word' id='word_1_213' title='bbox 724 2318 806 2376; x_wconf 87' lang='lat' dir='ltr'>est,</span> <span class='ocrx_word' id='word_1_214' title='bbox 838 2317 1108 2376; x_wconf 83' lang='lat' dir='ltr'>accucurrit,</span> <span class='ocrx_word' id='word_1_215' title='bbox 1135 2317 1332 2380; x_wconf 87' lang='lat' dir='ltr'>spiritum</span> <span class='ocrx_word' id='word_1_216' title='bbox 1363 2315 1454 2362; x_wconf 89' lang='lat' dir='ltr'>eius</span> <span class='ocrx_word' id='word_1_217' title='bbox 1482 2331 1550 2360; x_wconf 88' lang='lat' dir='ltr'>re-</span> 
     </span>
     <span class='ocr_line' id='line_1_31' title="bbox 276 2387 1552 2455; baseline -0.002 -19"><span class='ocrx_word' id='word_1_218' title='bbox 276 2391 476 2455; x_wconf 69' lang='lat' dir='ltr'>coiiegir,</span> <span class='ocrx_word' id='word_1_219' title='bbox 498 2393 541 2437; x_wconf 84' lang='lat' dir='ltr'>in</span> <span class='ocrx_word' id='word_1_220' title='bbox 562 2392 709 2438; x_wconf 71' lang='lat' dir='ltr'>villam</span> <span class='ocrx_word' id='word_1_221' title='bbox 754 2392 871 2438; x_wconf 67' lang='lat' dir='ltr'>mum</span> <span class='ocrx_word' id='word_1_222' title='bbox 893 2392 1011 2438; x_wconf 87' lang='lat' dir='ltr'>suam</span> <span class='ocrx_word' id='word_1_223' title='bbox 1032 2391 1270 2446; x_wconf 83' lang='lat' dir='ltr'>transtulit,</span> <span class='ocrx_word' id='word_1_224' title='bbox 1297 2390 1454 2437; x_wconf 64' lang='lat' dir='ltr'>lessulo</span> <span class='ocrx_word' id='word_1_225' title='bbox 1473 2387 1552 2434; x_wconf 84' lang='lat' dir='ltr'>suo</span> 
     </span>
     <span class='ocr_line' id='line_1_32' title="bbox 278 2460 1554 2526; baseline -0.002 -16"><span class='ocrx_word' id='word_1_226' title='bbox 278 2463 418 2521; x_wconf 70' lang='lat' dir='ltr'>cessit,</span> <span class='ocrx_word' id='word_1_227' title='bbox 438 2463 641 2510; x_wconf 49' lang='lat' dir='ltr'>affer-stum</span> <span class='ocrx_word' id='word_1_228' title='bbox 663 2463 1046 2526; x_wconf 82' lang='lat' dir='ltr'>semianimemque</span> <span class='ocrx_word' id='word_1_229' title='bbox 1061 2462 1295 2520; x_wconf 86' lang='lat' dir='ltr'>recreavit,</span> <span class='ocrx_word' id='word_1_230' title='bbox 1311 2461 1462 2508; x_wconf 87' lang='lat' dir='ltr'>diebus</span> <span class='ocrx_word' id='word_1_231' title='bbox 1479 2460 1554 2507; x_wconf 82' lang='lat' dir='ltr'>tri-</span> 
     </span>
    </p>
   </div>
   <div class='ocr_carea' id='block_1_3' title="bbox 1681 0 1742 2967">
    <p class='ocr_par' dir='ltr' id='par_1_5' title="bbox 1681 0 1742 2967">
     <span class='ocr_line' id='line_1_33' title="bbox 1681 0 1742 2967; baseline 0 0"><span class='ocrx_word' id='word_1_232' title='bbox 1681 0 1742 2967; x_wconf 95' lang='lat' dir='ltr'> </span> 
     </span>
    </p>
   </div>
  </div>
 </body>
</html>
