1742 2967
397 186 496 234 DE
541 188 976 237 BENEFICIIS
1023 192 1150 238 ΜΒ.
1197 194 1248 240 11.
1378 207 1462 257 ¹55

192 294 402 351 debebat,
438 295 652 358 impellit,
685 297 774 343 five
803 298 1055 345 ambitionis
1085 298 1206 346 calor
1237 299 1411 347 abducit
1444 317 1471 349 a

192 369 296 414 tutis
322 385 332 414 :
359 385 449 415 non
479 385 503 413 a
526 368 659 416 semet
687 371 783 432 ipso
811 372 902 418 vim
926 372 999 418 {ibi
1020 371 1169 419 inferri
1193 372 1357 434 patiar;
1377 389 1468 419 non

193 442 468 488 committam
484 473 498 496 ‚
524 456 571 488 ut
596 443 725 504 poffit
747 446 1015 507 quandoque
1036 446 1181 491 dicere
1196 478 1210 502 ,
1224 439 1302 492 ⁴Ille
1322 460 1470 490 aman-

192 514 254 563 do
279 532 350 562 me
378 515 555 562 occidit.
584 518 717 579 Saepe
751 518 854 563 nibil
883 518 1056 565 interest
1088 520 1203 566 inter
1226 517 1469 565 amicorum

191 602 396 644 munera,
422 602 464 633 et
488 587 676 634 hostium
699 602 819 636 vota.
842 590 1071 652 Quidquid
1095 590 1155 636 illi
1173 590 1369 652 accidere
1385 606 1472 651 op-

191 669 304 713 tant3
329 659 372 704 in
393 659 438 705 id
465 660 623 706 horum
643 661 945 723 intempestiva
968 655 1233 726 indulgentia
1264 663 1472 724 impellit,

192 742 323 794 atque
341 731 521 778 instruit.
537 733 661 792 Quid
673 748 820 780 autem
839 735 1009 796 turpius
1021 769 1034 791 ‚
1053 751 1185 797 quam
1205 734 1350 798 (quod
1367 752 1473 782 eve·-

191 803 255 849 nit
279 803 652 869 frequentissime)
682 821 731 857 ut
754 806 859 852 nihil
885 807 1050 858 intersit
1076 806 1188 855 inter
1211 807 1366 854 odium
1388 843 1403 866 ,
1429 820 1474 859 et

192 876 453 927 beneficium
468 883 485 924 ἓ

258 953 366 999 XV.
392 955 629 1017 Nunquam
655 955 700 1001 in
729 956 1046 1019 turpitudinem
1072 955 1263 1002 nostram
1283 954 1474 1001 reditura

191 1025 451 1073 tribuamus.
479 1027 598 1073 Cum
629 1027 793 1074 summa
825 1029 1039 1076 amicitiae
1066 1029 1142 1086 fit,
1174 1028 1363 1074 amicum
1395 1025 1478 1072 fibi*

191 1115 401 1162 aequare3
419 1101 597 1163 utrique
618 1101 741 1147 simul
761 1103 1073 1149 consulendum
1094 1102 1167 1149 est.
1187 1102 1322 1148 Dabo
1341 1110 1475 1164 egon-

190 1172 253 1219 ti:
275 1172 345 1218 sed
364 1184 413 1220 ut
432 1173 522 1235 ipse
541 1190 631 1220 non
650 1190 813 1237 egeam.
828 1175 1073 1221 succurram
1094 1175 1288 1237 perituro
1309 1192 1318 1219 :
1339 1174 1410 1219 sed
1427 1185 1477 1222 ut

191 1242 282 1306 ipse
310 1261 403 1290 non
428 1262 618 1308 peream.
639 1246 765 1291 nisisi
787 1246 954 1293 siiturus
982 1264 1060 1294 ero
1086 1247 1231 1309 magni
1250 1246 1477 1304 hominis,

192 1331 266 1364 aut
296 1334 477 1382 magnae
509 1319 573 1366 rei
603 1337 782 1368 merces.
827 1322 1007 1368 Nullum
1037 1320 1297 1368 beneficium
1327 1319 1478 1377 dabo,

192 1390 317 1454 quod
343 1391 528 1454 turpiter
555 1405 764 1454 peterem.
810 1409 890 1440 nec
923 1392 1127 1456 exiguum
1153 1391 1364 1448 dilatabo,
1393 1405 1476 1435 nec

192 1479 351 1526 magna
380 1480 464 1525 pro
494 1463 643 1526 parvis
678 1464 817 1527 accipi
850 1465 1002 1525 patiar.
1035 1464 1151 1509 Nam
1175 1478 1222 1509 ut
1252 1462 1327 1525 qui
1351 1460 1477 1525 quod

192 1535 313 1582 dedit
326 1571 339 1592 ‚
353 1536 558 1597 imputat,
573 1536 753 1599 gratiam
770 1535 971 1582 destruit:
985 1535 1043 1582 ita
1063 1534 1139 1598 qui
1150 1547 1362 1597 quantum
1378 1534 1477 1591 det,

193 1607 406 1662 ostendit,
435 1625 590 1656 munus
615 1608 739 1655 suum
765 1625 855 1655 non
883 1609 1185 1663 commendat,
1217 1606 1289 1652 sed
1307 1622 1475 1668 expro-

193 1682 303 1728 brat.
324 1681 637 1744 Respiciendae
659 1680 755 1727 sunt
777 1682 935 1745 cuique
958 1679 1176 1727 facultates
1193 1678 1290 1725 suae
1305 1713 1318 1734 ,
1338 1677 1477 1724 vires-

193 1771 279 1819 que
303 1773 312 1801 :
345 1771 399 1802 ne
429 1768 502 1801 aut
529 1755 627 1818 plus
657 1752 944 1815 praestemus,
968 1769 1097 1815 quam
1131 1750 1380 1813 possumus,
1403 1766 1476 1797 aut

194 1829 351 1876 minus.
370 1828 646 1875 Aestimanda
661 1828 721 1876 est
740 1828 830 1875 eius
846 1828 1049 1890 persona,
1068 1827 1137 1873 cui
1159 1828 1326 1872 damus.
1342 1841 1476 1888 quae-

194 1903 295 1948 dam
322 1901 438 1948 enim
458 1902 635 1948 minora
653 1901 749 1948 sunt
763 1937 775 1957 ‚
799 1918 928 1964 quam
946 1913 994 1947 ut
1010 1900 1128 1949 exire
1148 1917 1171 1945 a
1188 1899 1354 1961 magnis
1371 1898 1477 1946 viris

194 1976 404 2022 debeant:
425 1975 638 2037 quaedam
663 1975 903 2036 accipiente
922 1974 1088 2020 maiora
1110 1972 1217 2020 sunt.
1237 1971 1475 2034 Utriusque

193 2047 340 2111 itaque
365 2048 593 2110 personam
629 2047 817 2095 confer:
845 2063 888 2095 et
922 2049 1061 2111 ipsum
1094 2049 1208 2094 inter
1235 2046 1326 2104 illa,
1361 2061 1474 2110 quae

195 2121 404 2176 donabis,
428 2122 654 2175 examina,
675 2123 889 2184 numquid
909 2134 982 2168 aut
1007 2121 1125 2168 danti
1143 2137 1275 2185 grave
1295 2119 1370 2177 fit,
1400 2131 1476 2166 aut

194 2213 381 2258 paucum
406 2215 416 2242 z
439 2197 655 2260 numquid
675 2197 816 2244 rursus
835 2197 912 2259 qui
932 2211 1191 2259 accepturus
1210 2195 1296 2253 est,
1318 2206 1390 2240 aut
1409 2193 1476 2240 fa-

195 2268 363 2323 stidiat,
383 2283 458 2316 aut
479 2286 569 2316 non
587 2269 742 2330 capiat.

260 2341 386 2387 XVl.
400 2341 565 2387 Urbem
587 2341 760 2387 cuidam
781 2340 1027 2387 Aiexander
1041 2341 1233 2388 donabat
1248 2338 1472 2397 vaesanus,

195 2425 241 2460 et
270 2414 345 2475 qui
366 2413 473 2459 nihil
490 2414 639 2460 animo
664 2429 755 2459 non
783 2414 942 2476 grande
967 2414 1236 2476 conciperet.
1261 2413 1373 2458 Cum
1397 2411 1474 2457 ille

197 2484 270 2536 cui
298 2486 569 2546 (leuabatur,
601 2486 642 2533 se
664 2485 754 2551 ipse
775 2486 972 2545 mensus,
1000 2486 1108 2536 tanti
1133 2484 1324 2534 muneris
1352 2482 1474 2532 invi*
