1742 2967
434 132 536 215 DE
584 168 1006 218 BENEFICIIS
1054 174 1178 222 LIB.
1228 176 1280 222 Π.
1421 180 1509 241 167

233 287 315 320 nos
336 273 506 320 narium
533 292 660 322 canes
686 276 862 325 vincant
875 310 890 335 ,
909 279 1031 343 quod
1050 279 1140 326 acie
1159 282 1371 329 luminum
1390 283 1512 347 aqui-

223 346 327 402 lae,
356 347 494 410 spatio
523 350 674 396 aetatis
700 353 855 409 corvi,
885 353 1017 398 multa
1048 354 1249 400 animalia
1285 358 1413 402 nandi
1442 356 1510 404 fa-

232 418 405 467 cilitate.
434 424 617 467 Etcum
650 424 861 485 quaedam
887 441 940 470 ne
965 426 1085 472 coire
1111 425 1287 488 quidem
1316 428 1360 473 in
1392 428 1508 475 idem

230 505 382 537 natura
408 493 622 555 patiatur,
649 508 697 539 ut
722 494 998 542 velocitatem
1026 512 1267 560 corporum
1294 512 1336 546 et
1357 498 1509 559 vires:

230 582 286 612 ex
316 566 495 613 diversis
519 583 569 613 ac
593 567 889 615 diffidentibus
910 569 1036 615 bonis
1059 569 1285 616 hominem
1311 587 1400 617 non
1423 573 1508 619 effe

230 638 525 700 compositum
543 674 556 694 ‚
581 639 782 686 iniuriam
814 654 1002 687 vocant:
1024 655 1067 687 et
1085 642 1134 688 in,
1149 643 1410 706 negligentes
1427 660 1508 690 no-

226 710 299 756 stri
323 712 429 759 deos
457 712 777 774 querimoniam
803 711 991 768 iaciunt,
1023 715 1143 776 quod
1171 731 1260 759 non
1290 715 1405 762 bona
1427 733 1505 762 va-

225 782 377 830 letudo
396 795 438 831 et
462 783 580 831 vitiis
599 783 943 846 inexpugnabilis
964 785 1062 831 data
1083 785 1131 831 fit
1146 821 1158 842 ,
1180 787 1302 848 quod
1324 803 1411 832 non
1432 785 1506 832 fu.-

226 854 312 900 turi
343 855 529 903 scientia.
560 856 649 903 Vix
676 855 751 902 fibi
769 868 1040 917 temperant,
1070 858 1178 920 quin
1197 858 1387 921 eousque
1417 859 1505 903 im-

224 927 457 990 pudentiae
487 929 787 991 provehantur
805 965 818 987 ‚
850 941 896 974 ut
925 942 1120 975 naturam
1155 931 1357 986 oderint,
1382 931 1505 993 quod

224 997 335 1045 infra
354 1001 461 1047 deos
483 1001 653 1058 sumus,
682 1002 806 1064 quod
839 1017 929 1047 non
956 1002 1000 1047 in
1029 1019 1173 1065 aequo
1195 1002 1274 1049 illis
1299 1002 1502 1052 stetimus.

222 1071 405 1130 Quanto
426 1072 552 1119 satius
579 1074 640 1121 est
655 1075 710 1120 ad
727 1076 1147 1137 contemplationem
1166 1087 1233 1122 tot
1257 1091 1502 1122 tantorum-

220 1159 309 1206 que
327 1144 644 1193 beneficiorum
666 1147 852 1204 reverti,
870 1160 911 1194 et
930 1164 1057 1210 agere
1076 1148 1254 1210 gratias,
1279 1150 1398 1210 quod
1420 1166 1500 1197 nos

218 1212 264 1260 in
299 1215 385 1262 hoc
417 1218 716 1279 pulcherrimo
753 1218 980 1266 domicilio
1018 1220 1258 1266 voluerunt
1296 1220 1501 1269 secundas

217 1287 390 1347 sortiri,
419 1291 540 1353 quod
568 1291 749 1338 terrenis
777 1291 1113 1354 praefecerunt?
1139 1293 1307 1356 Aliquis
1329 1311 1378 1340 ea
1403 1295 1500 1341 ani-

219 1360 346 1406 malia
378 1374 606 1424 comparat
636 1364 790 1420 nobis,
817 1380 1008 1426 quorum
1041 1363 1229 1426 potestas
1255 1381 1388 1427 penes
1415 1381 1498 1413 nos

217 1432 311 1479 est?
337 1434 569 1497 Quidquid
600 1436 727 1481 nobis
757 1449 962 1498 negatum
991 1434 1074 1492 est,
1097 1435 1192 1482 dari
1219 1452 1310 1482 non
1341 1435 1498 1497 potuit.

216 1503 409 1552 Proinde
437 1506 633 1570 quisquis
659 1523 705 1570 es
729 1506 902 1569 iniquus
928 1505 1175 1552 aestimator
1196 1506 1325 1553 sortis
1343 1508 1496 1554 huma-

216 1592 326 1634 nae,
358 1578 505 1641 cogita
538 1592 701 1641 quanta
729 1579 858 1625 nobis
890 1577 1092 1624 tribuerit
1126 1594 1279 1640 parens
1315 1576 1494 1635 noster,

214 1661 384 1711 quanto
417 1650 660 1696 valentiora
695 1649 894 1695 animalia
922 1650 998 1697 sub
1032 1650 1185 1713 iugum
1216 1650 1492 1711 miserimus,

212 1732 382 1783 quanto
409 1722 636 1768 velociora
655 1720 976 1784 consequamur
997 1739 1009 1768 :
1034 1738 1164 1784 quam
1182 1722 1288 1768 nihil
1303 1722 1351 1769 fit
1366 1740 1491 1772 mor<

212 1793 320 1851 tale,
352 1810 442 1841 non
471 1795 547 1841 sub
570 1795 659 1841 iem
689 1793 842 1840 nostro
870 1793 1072 1856 positum.
1097 1796 1191 1841 Tot
1215 1794 1394 1843 virtutes
1417 1813 1491 1844 ae·-

212 1865 435 1927 cepimus,
459 1879 527 1913 tot
543 1879 680 1923 artes,
706 1865 897 1914 animum
923 1866 1140 1929 denique,
1170 1867 1242 1915 cui
1267 1868 1371 1914 nihil
1396 1886 1489 1918 non

211 1938 370 1985 eodem
393 1956 483 2002 quo
516 1939 700 1986 intendit
727 1951 959 1985 momento
991 1939 1194 2002 pervium
1223 1940 1311 1999 est,
1343 1941 1490 1990 fideria

209 2008 293 2056 bus
316 2010 592 2060 velociorem
610 2048 623 2069 ‚
649 2027 838 2075 quorum
870 2010 965 2072 post
991 2012 1126 2060 multa
1157 2012 1293 2059 secula
1319 2012 1491 2062 futuros

209 2082 358 2132 cursus
396 2086 624 2134 antecedit.
655 2097 821 2131 tantum
860 2083 1047 2146 denique
1082 2083 1288 2148 frugum,
1319 2100 1488 2136 tantum

211 2171 351 2216 opum
369 2189 383 2212 ,
414 2170 583 2204 tantum
611 2174 755 2205 rerum
782 2155 962 2203 aliarum
992 2155 1118 2219 super
1141 2157 1241 2204 alias
1266 2154 1489 2206 acervata-

210 2244 325 2274 rum.
362 2229 615 2278 Circumeas
646 2231 750 2276 licet
778 2229 928 2276 cuneta
963 2245 974 2274 ε
1009 2243 1053 2276 et
1080 2229 1180 2293 quia
1207 2230 1315 2276 nihil
1342 2244 1488 2281 totum

210 2298 448 2358 invenies,
478 2304 602 2366 quod
630 2303 714 2350 effe
745 2314 787 2349 te
816 2301 963 2349 malles
980 2337 992 2358 ,
1019 2318 1074 2348 ex
1094 2302 1302 2351 omnibus
1326 2303 1489 2368 singula

211 2390 441 2437 excerpas,
471 2393 584 2440 quae
609 2376 690 2423 tibi
717 2376 808 2422 dari
838 2374 984 2421 velles.
1022 2375 1139 2420 Bene
1164 2374 1380 2421 aestimata
1408 2393 1488 2422 na-

209 2461 333 2496 turae
359 2448 653 2513 indulgentia,
679 2445 929 2497 confitearis
958 2446 1125 2493 neceffe
1145 2445 1230 2557 eiij,
1255 2446 1301 2493 in
1322 2446 1490 2497 deliciis

1228 2528 1262 2570 4
