1742 2967
350 191 449 253 m:
497 206 985 253 CLEMENTtA
1028 209 1171 254 Lm.
1216 211 1248 255 1.
1385 223 1435 271 33

155 311 329 363 ballistis
353 313 526 376 petitur.
558 313 743 360 Poss‘unt
765 315 900 361 verba
920 315 1046 374 dare,
1072 330 1115 361 et
1142 316 1329 362 evadere
1362 333 1445 379 pu-

155 386 244 433 filla
269 386 379 432 mala
411 404 421 431 :
450 385 700 448 ingentibus
731 386 914 432 obviam
949 387 1050 434 itur.
1083 387 1153 434 Sic
1178 405 1288 435 unus
1318 405 1446 452 aeger

154 476 236 506 nec
256 460 442 505 domum
461 459 638 521 quidem
659 460 886 521 perturbat
911 477 922 505 ε
943 472 985 506 at
1006 459 1081 505 ubi
1101 460 1266 507 crebris
1289 460 1446 506 morti-

155 533 236 579 bus
258 531 546 594 pestilentiam
567 531 651 578 effe
672 532 902 594 apparuit,
925 532 1220 578 conclamatio
1239 531 1448 590 civitatis,

158 622 207 651 ac
227 604 328 668 fuga
356 605 444 662 est,
470 618 513 651 et
541 605 623 650 diis
645 604 742 666 ipfis
763 621 915 651 manus
937 606 1219 650 intentantur.
1248 605 1335 649 Sub
1355 621 1448 650 uno

159 679 308 742 aliquo
351 679 472 726 teilo
518 677 693 724 flamma
731 679 930 740 apparuit
969 697 980 725 z
1023 678 1187 724 familia
1222 677 1449 740 vicinique

160 770 317 814 aquam
338 752 554 815 ingerunt.
574 764 616 799 at
633 751 888 798 incendium
911 752 1105 810 vastum,
1125 768 1167 800 et
1188 753 1344 799 multas
1360 751 1449 799 iam

161 826 324 872 domos
347 824 598 888 depastum‚'
618 839 739 887 parte
758 825 876 871 urbis
894 825 1113 871 obruitur.

229 899 401 944 XXVI.
428 899 746 945 Crudelitatem
772 899 1047 960 privatorum
1073 899 1248 946 serviles
1269 915 1450 962 quoque

164 987 318 1017 manus
360 971 435 1016 sub
467 981 589 1016 certo
630 971 772 1017 crucis
807 971 1005 1033 periculo
1050 972 1165 1017 ultae
1200 970 1295 1017 sunt
1329 989 1338 1017 :
1373 986 1451 1034 ty-

162 1062 400 1092 rannorum
420 1081 433 1101 ‚
467 1059 616 1108 gentes
642 1045 887 1108 populique
911 1077 925 1099 ‚
947 1059 991 1091 et
1018 1061 1210 1108 quorum
1241 1058 1331 1090 erat
1357 1061 1452 1090 ma·-

164 1119 279 1176 lum,
315 1133 358 1165 et
390 1118 436 1164 hi
470 1118 629 1180 quibus
665 1118 953 1173 imminebat,
987 1119 1238 1165 exscindere
1272 1116 1451 1182 aggreffi

167 1193 277 1239 sunt.
313 1193 567 1250 Aliquando
601 1192 672 1238 sua
702 1192 908 1254 praesidia
934 1194 980 1238 in
1011 1192 1128 1255 ipsos
1161 1193 1455 1240 consurrexe-

167 1281 291 1321 runt,
318 1265 658 1328 perfidiamque,
687 1280 731 1310 et
750 1264 1044 1327 impietatem,
1072 1279 1116 1312 et
1134 1264 1350 1311 feritatem
1367 1300 1381 1323 ‚
1411 1276 1456 1312 et

169 1336 386 1400 quidquid
417 1337 471 1382 ab
502 1336 584 1383 illis
611 1337 853 1384 didicerant
874 1373 886 1393 ,
924 1337 968 1383 in
1001 1337 1118 1399 ipsos
1148 1346 1457 1384 exercuerunt.

169 1411 292 1471 Quid
311 1410 428 1457 enim
448 1410 590 1472 potest
606 1411 660 1456 ab
680 1427 734 1457 eo
757 1411 986 1474 quisquam
1008 1412 1197 1474 sperare,
1213 1428 1344 1474 quem
1359 1427 1457 1457 ma-

170 1485 261 1530 lum
297 1483 384 1530 effe
423 1484 606 1532 docuit?
647 1486 751 1531 Non
787 1485 862 1531 diu
895 1498 1071 1549 apparet
1110 1485 1335 1549 nequitia,
1373 1502 1457 1532 nec

172 1554 381 1621 quantum
402 1559 575 1606 iubetur
589 1596 602 1617 ‚
621 1572 786 1622 peccat.
805 1561 888 1607 Sed
909 1575 1012 1623 puta
1033 1571 1166 1607 tutam
1193 1559 1278 1606 effe
1297 1560 1459 1607 crude-

171 1630 366 1678 litatem:
402 1631 528 1694 quale
560 1632 652 1679 eius
683 1650 868 1695 regnum
899 1632 994 1680 est?
1027 1650 1114 1679 non
1149 1631 1293 1688 aliud,
1325 1648 1459 1695 quam

175 1721 398 1768 captarum
420 1706 597 1751 urbium
627 1705 794 1765 forma,
827 1721 868 1753 et
895 1706 1108 1754 terribiles
1140 1705 1269 1752 facies
1294 1705 1460 1768 publici

176 1791 329 1826 metus.
349 1780 514 1826 Omnia
545 1780 731 1839 moesta,
751 1782 942 1843 trepida,
967 1781 1176 1829 confusa:
1207 1780 1460 1843 voluptates

178 1852 292 1914 ipsae
312 1853 532 1899 timentur.
552 1855 657 1899 Non
680 1854 893 1901 convivia
919 1855 1067 1901 secura
1093 1854 1268 1909 ineunt,
1289 1853 1335 1898 in
1356 1853 1461 1916 qui-

178 1925 256 1971 hus
283 1925 430 1989 lingua
455 1926 622 1974 solicite
649 1927 781 1973 etiam
801 1926 932 1973 ebriis
958 1926 1240 1974 custodienda
1259 1926 1349 1973 est:
1368 1942 1463 1973 non

178 1996 440 2059 spectacula,
472 2014 524 2044 ex
561 2000 719 2061 quibus
754 1999 938 2045 materia
971 1996 1164 2045 criminis
1198 2014 1248 2044 ac
1280 1996 1463 2060 periculi

181 2071 416 2132 quaeritur.
437 2075 717 2134 Apparentur
734 2071 837 2118 licet
858 2088 1014 2134 magna
1032 2069 1226 2132 impensa
1239 2106 1253 2129 ‚
1270 2083 1313 2117 et
1332 2069 1465 2134 regiis

181 2143 368 2206 opibus,
393 2158 435 2190 et
456 2144 671 2192 artificum
698 2144 917 2207 exquisitis
938 2144 1193 2190 nominibus
1213 2161 1222 2189 :
1246 2161 1377 2206 quem
1398 2156 1466 2190 ta-

183 2232 285 2260 men
315 2215 404 2261 ludi
429 2215 473 2261 in
497 2233 671 2263 carcere
697 2216 884 2264 iuvent?
907 2216 1049 2276 Quod
1076 2214 1215 2271 istud,
1246 2216 1306 2261 dii
1330 2214 1468 2274 boni,‘

187 2288 348 2334 malum
370 2289 458 2346 est,
486 2289 692 2336 occidere
708 2325 722 2346 ‚
753 2288 947 2347 saevire,
980 2288 1181 2335 delectari
1214 2287 1325 2334 sono
1347 2299 1469 2334 cate-

186 2378 339 2408 narum
357 2398 369 2418 ‚
388 2375 431 2408 et
451 2361 613 2408 civium
639 2362 780 2423 capita
801 2362 1004 2409 decidere
1020 2397 1034 2419 ‚
1065 2377 1334 2424 quocunque
1354 2377 1470 2407 ven·-

186 2445 278 2479 tutn
302 2433 362 2480 est
391 2434 576 2479 multum
600 2433 814 2496 sanguinis
844 2432 1057 2491 fundere,
1085 2431 1256 2494 aspeffli
1282 2432 1360 2477 suo
1380 2445 1471 2477 ter·

187 2522 283 2553 rere
303 2523 352 2553 ac
375 2506 558 2569 fugare?
582 2508 707 2566 Quae
728 2506 807 2552 alia
828 2506 920 2555 vita
938 2505 1107 2564 effet,fi
1127 2504 1276 2552 leones
1295 2502 1469 2569 ursique

253 2573 300 2618 L.
320 2577 445 2620 Arm.
465 2576 632 2620 Seneca.
656 2574 703 2619 V
699 2575 752 2623 ol.
770 2571 834 2620 II.
1176 2569 1218 2615 C
