1742 2967
375 183 474 231 DE
518 184 971 231 BENEFICHS
1019 188 1150 234 ΗΒ.
1192 191 1261 236 111.
1364 206 1449 253 203

182 290 245 339 est
268 290 380 338 inter
403 307 602 354 parentes
632 309 680 338 ac
701 293 863 341 liberos
892 294 1069 341 honesta
1099 297 1352 352 contentio,
1386 299 1464 344 de-

182 363 326 411 derint
360 363 552 422 maiora‚
579 381 634 410 an
661 364 918 426 receperint.
953 367 1059 412 Non
1095 367 1197 413 ideo
1231 369 1459 428 vicerunt,

181 436 283 499 quia
308 451 657 498 occupaverunt.
681 437 845 484 Sumite
877 439 1015 485 modo
1040 439 1259 495 animum,
1289 442 1458 503 qualem

165 509 323 565 decet,
338 521 381 556 et
399 507 584 557 deficere
598 510 748 567 nolite,
764 522 812 556 ut
826 511 1028 567 vincatis,
1044 524 1258 574 optantes.
1279 514 1373 560 Nec
1386 514 1461 560 de-

182 580 279 628 sunt
306 597 393 628 tam
413 581 597 643 pulchro
620 581 847 630 certamini
870 584 1024 642 duces,
1043 584 1118 646 qui
1136 585 1190 630 ad
1210 584 1358 631 similia
1378 602 1462 633 vos

183 656 500 714 cohortentur,
531 674 581 705 ac
606 675 684 720 per
713 658 892 722 vestigia
922 660 995 706 sua
1025 660 1089 706 ire
1115 662 1167 706 ad
1200 661 1429 707 vffiioriam
1449 697 1464 720 ,

185 725 309 789 saepe
338 728 423 774 iam
446 743 611 791 partam
631 747 685 777 ex
705 733 978 791 parentibus,
998 733 1190 778 iubeant.

248 801 489 850 XXXVH.
524 802 647 850 Vicit
664 804 834 850 Aeneas
860 817 1052 867 patrem,
1080 805 1169 866 ipse
1200 805 1289 851 eius
1316 805 1361 851 in
1392 805 1462 852 in-

183 873 317 922 fantia
349 877 447 926 leve
478 889 708 941 tutumque
733 878 975 940 gestamen,
1002 897 1181 943 gravem
1212 880 1360 937 senio,
1386 898 1463 943 per

182 948 324 995 media
355 950 542 996 hostium
572 951 742 1013 agmina
759 985 772 1006 ‚
810 965 852 998 et
879 969 956 1015 per
981 953 1171 999 cadentis
1195 952 1309 998 cirea
1332 951 1373 998 se
1395 971 1467 998 ur-

181 1021 249 1069 bis
280 1022 425 1071 ruinas
451 1024 613 1079 ferens,
645 1042 745 1071 cum
778 1026 1034 1087 complexus
1062 1026 1253 1083 sacraac
1291 1038 1464 1087 penates

182 1095 289 1142 deos
316 1096 539 1158 religiosus·
571 1096 700 1143 senex
733 1115 824 1144 non
854 1098 1037 1159 simplici
1067 1100 1296 1144 vadentem
1330 1099 1459 1146 sarci-

182 1183 236 1213 na
255 1183 470 1230 premeret
490 1188 499 1216 :
520 1170 619 1216 tulit
645 1171 765 1217 illum
785 1187 861 1233 per
885 1171 1027 1232 ignes,
1045 1182 1088 1215 et
1108 1168 1238 1231 (quid
1260 1186 1351 1216 non
1371 1170 1463 1231 pie·

183 1254 246 1285 tas
274 1239 489 1304 potest-²)
532 1242 736 1302 pertulit,
769 1242 1094 1301 colendumque
1123 1242 1236 1285 inter
1260 1241 1465 1287 condito·

181 1327 252 1358 res
284 1313 474 1359 Romani
505 1313 678 1372 imperii
708 1313 863 1375 posuit.
901 1313 1058 1358 Vicere
1088 1312 1222 1357 Siculi
1250 1312 1461 1370 iuvenes,

182 1400 285 1430 cum
310 1386 449 1432 Aetna
473 1386 640 1432 maiore
660 1387 707 1431 vi
732 1385 983 1447 peragitata,
1006 1384 1053 1430 in
1073 1385 1226 1440 urbes,
1242 1384 1288 1428 in
1313 1401 1465 1446 agros,

182 1457 229 1504 in
248 1475 449 1521 magnam
470 1458 628 1506 insulae
654 1474 821 1521 partem
850 1457 1066 1504 effudisset
1093 1456 1343 1504 incendium
1358 1493 1370 1514 ‚
1389 1474 1467 1504 ve-

185 1547 341 1577 xerunt
370 1546 569 1594 parentes
598 1533 709 1579 suos.
729 1531 975 1579 Disceffiss'e
1001 1530 1215 1577 creditum
1242 1528 1302 1575 est
1322 1529 1468 1592 ignes,

184 1618 229 1651 et
256 1605 477 1669 utrimque
509 1605 683 1653 flamma
714 1606 947 1653 recedente
974 1605 1154 1651 limitem
1186 1604 1467 1664 adapertum,

185 1694 265 1738 per
287 1694 418 1739 quem
439 1680 778 1725 transcurrerent
801 1679 979 1724 iuvenes
1001 1677 1257 1740 digniffimi,
1276 1677 1349 1739 qui
1376 1694 1467 1722 ma—

186 1765 270 1811 gna
292 1762 391 1796 tuto
409 1752 629 1796 auderent.
646 1750 766 1796 Vicit
786 1750 1036 1809 Antigonus
1058 1767 1068 1794 :
1091 1750 1165 1811 qui
1192 1766 1289 1796 cum
1305 1750 1467 1812 ingenti

186 1822 363 1884 proelio
401 1822 631 1884 superasset
660 1822 825 1868 hostem
849 1856 861 1876 ,
895 1823 1137 1882 praemium
1167 1822 1272 1881 belii
1302 1822 1356 1867 ad
1389 1838 1466 1882 pa·-

188 1905 299 1941 trem
320 1893 548 1948 transtulit,
566 1908 610 1940 et
635 1895 868 1956 imperium
891 1894 952 1939 ilii
976 1895 1117 1956 Cypri
1141 1895 1331 1941 tradidit.
1364 1895 1465 1942 Hoc

188 1966 252 2013 est
269 1985 474 2030 regnum,
494 1969 608 2014 nolle
625 1985 826 2030 regnare,
848 1986 946 2014 cum
969 1968 1113 2028 possis.
1142 1968 1258 2014 Vicit
1279 1984 1465 2030 patrem,

189 2039 476 2101 imperiosum
497 2032 697 2103 quidem,
723 2041 778 2086 T.
803 2039 988 2085 Manlius
1015 2057 1025 2086 :
1055 2040 1131 2102 qui
1158 2057 1257 2087 curn
1277 2042 1330 2086 ad
1355 2054 1464 2086 tem-

189 2127 272 2172 pus
300 2111 512 2173 relegatus
541 2111 647 2159 esset
673 2130 696 2158 a
726 2127 873 2173 patre,
905 2114 970 2159 ob(
995 2109 1327 2159 adelescentiam
1359 2114 1464 2159 bru·

190 2198 279 2233 tam
309 2202 358 2233 ac
384 2187 606 2245 hebetem,
628 2189 926 2234 ad-tribunum
954 2189 1119 2251 plebis,
1144 2188 1220 2250 qui
1246 2188 1357 2249 patri
1386 2188 1463 2234 suo

189 2259 358 2306 dixerat
382 2260 498 2306 diem
515 2295 528 2315 ,
557 2263 680 2308 venit
702 2279 711 2308 :
735 2263 961 2324 petitoque
989 2275 1212 2324 tempore,
1240 2262 1361 2322 quod
1393 2261 1463 2307 ille

192 2330 392 2388 dederat,
415 2330 587 2393 sperans
618 2332 716 2378 fore
736 2334 1012 2394 proditorem
1041 2333 1365 2394 parentisinvisi
1399 2332 1467 2395 (et

190 2403 302 2450 bene
325 2403 526 2450 meruisse
543 2404 583 2451 se
612 2405 664 2451 de
683 2405 840 2452 iuvene
865 2406 1092 2460 credebat,
1119 2405 1242 2450 cuius
1268 2404 1462 2450 exsilium

189 2493 273 2543 pro
290 2476 544 2545 graviffimo
568 2477 751 2528 crimine
769 2477 880 2525 inter
906 2477 986 2524 alia
1013 2476 1182 2523 Manlio
1201 2474 1460 2537 obiiciebat)
