1742 2967
342 213 402 261 9⁴
599 196 646 243 L.
695 195 988 241 ANNAE1
1033 195 1381 242 SENECAE

339 302 407 359 ri,
426 302 597 349 casuum
626 303 799 347 suorum
824 302 1032 364 benignus
1052 302 1280 365 interpres,
1299 302 1328 348 fi
1354 302 1407 348 ad
1432 299 1598 362 volup-2

339 386 477 422 tatum
514 375 804 436 dolorumque
838 374 1161 435 punfflunculas
1196 374 1473 422 concitatur?
1513 373 1597 420 Sed

338 461 419 492 nec
445 445 602 508 patriae
630 445 804 506 quidem
832 444 972 489 bonus
997 458 1118 489 tutor
1137 457 1209 490 aut
1230 445 1390 490 vindex
1412 444 1497 501 est,
1516 460 1597 490 nec

339 517 581 563 amicorum
606 529 929 579 propugnator,
948 516 977 561 fi
999 518 1052 561 ad
1077 517 1321 578 voluptates
1347 517 1497 579 vergit.
1518 516 1598 562 lllo

339 605 448 653 ergo
480 590 690 635 summum
721 590 883 634 bonum
915 588 1137 646 escendat,
1170 590 1284 634 unde
1309 589 1421 635 nulla
1453 588 1500 634 vi
1525 589 1601 634 de-

338 663 532 709 trahatur
552 679 563 706 τ
583 679 673 724 quo
705 678 841 724 neque
867 661 1040 717 dolori,
1072 678 1208 724 neque
1228 662 1343 723 spei,
1377 677 1517 723 neque
1540 659 1600 707 ti-

339 735 457 781 mori
501 735 549 779 fit
578 735 740 789 aditus,
782 750 861 780 nec
894 733 966 779 uili
1001 733 1061 779 rei
1089 749 1197 795 quae
1229 734 1417 778 deterius
1446 731 1602 778 summi

338 806 481 853 boni
472 823 536 852 115
560 806 703 853 faciat
726 805 856 852 Escei
866 807 966 851 dere
995 818 1134 851 autem
1156 807 1230 851 1110
1248 806 1332 852 sola
1357 807 1492 852 virtus
1519 823 1601 868 po-

339 878 432 924 test.
470 879 581 925 illius
609 879 741 942 gradu
769 879 905 925 clivus
927 877 1001 922 iste
1028 867 1284 940 frangendus
1309 878 1398 924 est:
1424 878 1491 923 illa
1511 877 1602 923 for-

340 952 439 998 titer
470 950 614 1008 stabit,
644 963 686 997 et
718 951 934 1014 quidquid
960 953 1179 1008 evenerit,
1215 951 1356 998 feret.
1375 968 1464 997 non
1494 951 1603 1013 pati-

339 1041 414 1071 ens
439 1037 632 1082 tantum,
665 1024 737 1071 sed
766 1026 895 1071 etiam
923 1024 1108 1069 volens:
1135 1040 1399 1086 omnemque
1425 1037 1602 1085 tempo-

338 1087 437 1143 rum
463 1095 756 1142 difficultatem
781 1096 883 1141 sciet
908 1095 1045 1157 legem
1068 1094 1152 1141 effe
1177 1107 1365 1158 naturae.
1389 1098 1441 1141 Et
1459 1108 1505 1142 ut
1525 1096 1605 1142 bo·

338 1184 420 1215 nus
446 1167 593 1224 miles,
622 1167 730 1213 feret
762 1167 965 1224 vulnera,
997 1167 1266 1213 enumerabit
1291 1167 1533 1224 cicatrices,
1560 1178 1604 1214 et

336 1241 705 1287 transverberatus
723 1241 841 1297 telis,
865 1241 1056 1287 moriens
1083 1242 1244 1287 amabit
1269 1258 1392 1299 eum,
1411 1258 1492 1304 pro
1511 1257 1604 1304 quo

337 1316 489 1379 cadet,
517 1314 827 1376 imperatorem
857 1333 866 1360 :
894 1315 1070 1361 habebit
1100 1315 1143 1360 in
1170 1315 1318 1361 animo
1348 1314 1449 1361 illud
1476 1330 1605 1361 vetus

335 1401 616 1450 praeceptum
638 1403 648 1432 :
668 1386 813 1433 Deum
841 1386 1030 1449 sequere.
1067 1386 1276 1449 Quisquis
1298 1401 1442 1433 autem
1461 1385 1604 1448 queri-

337 1472 430 1517 tur,
456 1472 498 1505 et
524 1460 692 1520 plorat,
718 1473 761 1506 et
789 1460 922 1521 gemit
947 1476 957 1503 ε
992 1459 1197 1521 imperata
1229 1458 1367 1505 facere
1398 1458 1443 1503 vi
1475 1457 1605 1520 cogi-

338 1541 433 1587 mr,
460 1545 502 1578 et
533 1531 697 1578 invitus
727 1530 893 1592 rapitur
922 1531 975 1576 ad
1002 1531 1104 1576 iusta
1140 1531 1430 1576 nihilominus.
1479 1531 1606 1590 Quae

336 1619 486 1652 autem
516 1603 731 1651 dementia
759 1603 841 1657 est,
871 1604 1017 1665 potius
1043 1605 1155 1650 trahi
1183 1622 1309 1666 quam
1339 1603 1492 1666 sequi?
1517 1617 1606 1651 tam

336 1677 613 1735 mehercule,
645 1693 773 1738 quam
817 1676 990 1722 stultitia
1027 1688 1069 1721 et
1104 1676 1345 1739 ignorantia
1379 1676 1605 1723 conditio-

339 1749 408 1795 nis
451 1750 584 1806 suae,
621 1748 806 1806 dolere,
849 1748 972 1811 quod
1013 1748 1173 1809 aliquid
1219 1747 1295 1794 tibi
1336 1748 1488 1794 incidit
1524 1748 1606 1795 du-

338 1822 465 1877 rius;
496 1832 566 1868 aut
598 1821 773 1879 mirari,
809 1834 882 1868 aut
920 1820 1093 1883 indigne
1123 1820 1233 1868 ferre
1260 1838 1308 1867 ea
1329 1856 1341 1878 ‚
1372 1838 1482 1884 quae
1515 1832 1603 1869 tam

339 1894 469 1947 honis
497 1894 696 1941 accidunt
723 1910 852 1956 quam
886 1894 1020 1939 malis,
1051 1894 1232 1940 morbos
1265 1894 1391 1950 dico,
1420 1893 1570 1941 funera
1589 1930 1605 1953 ‚

338 1967 609 2024 debilitate5‚
627 1979 670 2013 er
687 1981 827 2013 cetera
851 1984 905 2013 ex
934 1966 1179 2013 transverso
1205 1967 1248 2011 in
1280 1957 1413 2012 vitam
1448 1965 1605 2014 huma-

343 2055 445 2085 nam
475 2038 749 2085 incurrentia.
776 2040 897 2099 Quid
903 2056 942 2101 q
943 2039 1008 2085 tid
1036 2056 1090 2085 ex
1115 2038 1300 2084 universi
1333 2038 1607 2085 constitutio-

342 2126 399 2157 ne
420 2109 669 2172 patiendum
695 2110 775 2158 est
807 2126 966 2172 magno
976 2108 1231 2176 excipiatur
1254 2109 1415 2155 animo.
1445 2111 1498 2157 ad
1519 2111 1606 2158 hoc

341 2184 655 2234 sacramentum
676 2185 810 2230 adaffi
835 2186 1004 2239 sumus,
1025 2184 1136 2230 ferre
1161 2198 1300 2229 morta
1284 2184 1328 2229 l
1322 2202 1390 2230 a.
1410 2201 1489 2231 nec
1507 2201 1606 2247 per-

344 2257 509 2304 turbari
539 2256 626 2314 his,
656 2273 766 2319 quae
800 2257 936 2303 vitare
950 2256 1136 2302 '·n‹)st1ae
1163 2256 1381 2319 potestatis
1404 2271 1502 2301 non
1532 2251 1607 2302 est.

345 2331 395 2375 ln
419 2344 555 2390 regno
584 2327 667 2372 nati
698 2328 840 2374 sumus
865 2346 875 2374 τ
899 2329 1002 2374 Deo
1033 2344 1182 2388 parere
1199 2364 1212 2385 ,
1237 2327 1407 2373 libertas
1437 2326 1509 2371 est.

412 2401 535 2445 XV1.
554 2402 670 2462 Ergo
685 2399 728 2443 in
746 2399 907 2446 virtute
926 2398 1057 2460 posita
1075 2397 1134 2444 est
1151 2415 1253 2444 vera
1270 2398 1467 2444 felicitas.
1486 2396 1608 2456 Quid

350 2470 455 2518 haec
478 2471 559 2518 tibi
586 2470 812 2519 suadebit?
838 2488 891 2518 ne
911 2472 1017 2535 quid
1045 2486 1117 2518 aut
1135 2472 1324 2526 bonum,
1351 2483 1422 2516 aut
1445 2471 1608 2516 malum
