1742 2967
318 138 412 185 216
557 138 606 186 L.
661 137 963 185 ANNAEI
1011 139 1362 187 SENECAE

310 242 547 291 scientiam.
570 244 693 305 Quid
711 244 852 291 reddit
870 244 1162 293 beneficium?
1182 247 1252 295 dic
1272 260 1317 295 tu
1337 247 1466 307 mihi,
1484 249 1590 314 quid

308 318 461 364 reddat
482 318 635 365 iustitia
651 352 664 375 ,
684 318 788 381 quid
805 318 1053 367 innocentia
1065 354 1078 376 ,
1097 318 1202 383 quid
1220 320 1479 384 magnitudo
1495 321 1588 369 ani·

306 390 368 435 mi
388 427 400 447 ‚
424 392 532 453 quid
560 391 765 454 pudicitia
780 425 792 447 ,
819 391 926 455 quid
950 393 1267 456 temperantia?
1287 394 1318 441 si
1344 393 1584 459 quidquam

304 474 475 523 praeter
505 461 643 523 ipsas,
674 461 783 525 ipsas
812 479 902 510 non
928 463 1052 527 petis.

370 534 490 580 X111.
519 534 713 581 Mundus
731 535 773 580 in
795 534 900 599 quid
919 536 1036 585 vices
1060 537 1153 586 suas
1171 538 1391 587 absolvit?
1412 538 1457 587 in
1477 539 1586 604 quid

300 606 367 654 sol
398 608 511 654 diem
546 608 739 656 extendit
767 623 809 655 et
830 610 1086 659 contrahit?
1117 613 1282 660 Omnia
1314 613 1387 659 ista
1413 613 1583 662 benefi-

301 682 368 729 cia
403 680 498 727 sunt
530 699 541 729 :
579 681 686 728 fiunt
717 683 835 730 enim
871 685 998 732 nobis
1036 685 1286 749 profutura.
1332 687 1585 748 Quomodo

299 755 455 801 mundi
492 755 689 803 officium
723 755 805 814 est,
836 756 1132 822 circumagere
1167 775 1312 807 rerum
1344 760 1585 817 ordinem;

300 833 538 891 quomodo
570 832 700 889 solis,
729 833 826 880 loca
855 847 1049 890 mutare,
1072 835 1302 897 exquibus
1331 835 1584 894 oriatur-‚in

299 920 414 966 quae
439 906 596 963 cedat,
627 921 669 954 et
688 906 794 953 haec
821 905 1015 953 salutaria
1040 906 1168 954 nobis
1191 906 1336 955 facere
1353 907 1440 955 fine
1457 923 1582 969 prae·

300 978 394 1025 mio
418 997 429 1025 :
463 978 520 1024 ita
548 978 636 1026 viri
662 978 860 1026 officium
890 978 950 1025 est
978 978 1090 1026 inter
1112 979 1221 1038 alia,
1251 990 1295 1028 et
1316 977 1581 1027 beneficium

299 1052 416 1098 dare.
454 1054 606 1113 Quare
634 1068 742 1116 ergo
773 1051 877 1099 dat?
914 1068 968 1098 ne
990 1068 1080 1099 non
1100 1053 1200 1111 det,
1228 1070 1282 1100 ne
1301 1053 1582 1100 occasionem

296 1122 599 1172 benefaciendi
630 1125 796 1188 perdat.
829 1124 973 1172 Vobis
999 1124 1204 1189 voluptas
1227 1124 1318 1183 est,
1336 1125 1486 1173 inertis
1502 1124 1585 1172 otii

296 1195 441 1244 facere
474 1197 813 1260 corpusculum,
844 1209 888 1244 et
924 1196 1196 1245 securitatem
1229 1196 1381 1261 sopitis
1413 1196 1583 1245 fimilli-

296 1286 412 1317 mam
438 1284 673 1334 appetere,
700 1282 744 1318 et
769 1269 846 1317 sub
873 1268 1002 1316 densa
1028 1270 1184 1316 umbra
1211 1270 1406 1328 latitare,
1434 1282 1581 1318 tener-

296 1343 510 1409 rimisque
535 1344 905 1410 cogitationibus,
934 1360 1040 1409 quas
1060 1343 1417 1408 tranquillitatem
1440 1360 1580 1392 voca-

295 1415 379 1473 tis,
415 1417 550 1464 animi
586 1416 819 1465 marcentis
852 1417 1072 1464 obtectare
1106 1428 1335 1479 torporem
1353 1450 1368 1474 ,
1398 1429 1442 1463 et
1471 1415 1582 1464 cibis

294 1490 641 1555 potionibusque
671 1491 783 1538 intra
812 1490 1047 1538 hortorum
1075 1488 1284 1536 latebram
1313 1505 1506 1552 corpora
1519 1489 1580 1554 ig·

297 1563 429 1611 navia
460 1563 661 1628 pallentia
690 1564 880 1628 saginare
910 1581 922 1610 ε
956 1563 1085 1611 nobis
1122 1563 1327 1626 voluptas
1352 1562 1442 1621 est,
1474 1563 1579 1611 dare

296 1637 507 1687 beneficia
528 1639 597 1687 vel
615 1638 832 1686 laboriosa
847 1675 861 1696 ,
882 1640 986 1686 dum
1005 1639 1192 1686 aliorum
1212 1639 1385 1688 labores
1400 1639 1579 1688 levent:

295 1711 366 1760 vel
390 1711 657 1775 periculosa,
684 1712 789 1760 dum
814 1711 924 1760 alios
949 1730 974 1759 a
999 1712 1202 1776 periculis
1225 1711 1452 1759 extrahant
1472 1710 1579 1761 :vel

294 1787 487 1834 rationes
517 1787 681 1834 nostras
706 1799 1012 1851 aggravatura,
1046 1786 1151 1833 dum
1179 1785 1365 1832 aliorum
1393 1785 1576 1834 neceffi-

292 1868 402 1905 tates
427 1873 470 1905 et
495 1858 709 1922 angustias
733 1858 893 1906 laxent.
931 1859 1052 1920 Quid
1078 1874 1173 1906 mea
1196 1857 1397 1916 interest,
1428 1874 1483 1904 an
1500 1874 1576 1905 re-

293 1931 457 1994 cipiam
492 1932 736 1981 beneficia?
759 1932 888 1979 etiarn
909 1951 1008 1980 cum
1036 1949 1272 1997 recepero,
1300 1933 1441 1980 danda
1466 1932 1576 1980 sunt.

293 2006 562 2053 Beneficium
598 2006 689 2054 eius
721 2007 1014 2053 commodum
1049 2006 1236 2068 spectat,
1274 2005 1347 2054 cui
1382 2006 1576 2070 praesta·

291 2092 388 2134 tur,
416 2096 507 2126 non
529 2079 723 2126 nostrum
745 2098 756 2127 :
780 2081 977 2143 alioquin
1003 2080 1132 2128 nobis
1161 2080 1266 2128 illud
1295 2080 1464 2128 damus.
1490 2082 1574 2128 lta-

291 2169 377 2214 que
404 2152 538 2199 multa
556 2188 569 2210 ,
601 2169 714 2217 quae
744 2153 953 2200 summam
986 2153 1216 2201 utilitatem
1237 2153 1329 2200 aliis
1357 2151 1575 2205 afferunt,

293 2226 438 2287 pretio
471 2227 652 2290 gratiam
681 2229 884 2290 perdunt.
911 2230 1132 2274 Mercator
1160 2226 1342 2274 urbibus
1369 2223 1575 2290 prodest,

293 2301 489 2348 medicus
513 2301 672 2364 aegris,
699 2318 863 2365 mango
892 2300 1146 2348 vaenalibus
1169 2318 1181 2347 ε
1209 2300 1280 2348 sed
1312 2315 1468 2347 omnes
1488 2297 1573 2355 isti,

291 2371 392 2434 quia
419 2374 472 2419 ad
505 2374 695 2421 alienum
719 2376 1009 2422 commodum
1038 2391 1124 2439 pro
1141 2374 1221 2422 suo
1250 2372 1465 2432 veniunt,
1487 2386 1571 2420 nec

290 2446 486 2511 obligant
505 2464 581 2497 eos
608 2449 768 2513 quibus
797 2450 996 2514 prosunt.
