1742 2967
298 177 439 274 'DE
490 213 931 262 BENEans
979 214 1114 263 ΜΒ.
1162 218 1194 264 1.
1315 228 1403 278 143w

125 320 340 368 ostentare
361 321 465 368 libet
478 357 490 379 ‚
510 337 553 368 et
571 320 804 368 inscribere
823 320 913 366 fibi.
935 320 1152 368 Beneficia
1174 334 1221 368 tu
1241 339 1377 370 vocas
1391 358 1407 382 ‚

125 412 317 456 quorum
345 396 567 442 auclorem
596 393 723 439 fateri
754 393 920 456 pudet?
943 397 998 439 At
1027 393 1097 439 illa
1118 406 1283 457 quanto
1311 413 1408 458 gra-

125 467 238 514 tiora
270 468 396 524 sunt,
433 479 686 530 quantoque
715 466 759 512 in
796 480 964 529 partem
993 467 1245 513 interiorem
1276 469 1409 517 animi

125 557 350 601 nunquam
377 537 545 585 exitura
572 538 868 585 deicendunt·
890 555 990 585 cum
1013 539 1253 597 delechnt,
1284 541 1412 604 cogi·

125 614 289 658 fantem
318 612 454 674 magis
479 629 501 657 a
527 627 646 675 quo,
677 628 806 682 quam
828 609 934 673 quid
956 610 1209 673 acceperis?
1234 612 1413 674 Crispus

127 677 342 732 Paffienus
378 685 539 732 solebat
579 685 725 731 dicere
744 720 759 741 ,
802 701 948 748 quon
940 684 1081 730 ndam
1125 685 1165 731 se
1201 685 1411 734 iudicium

127 757 252 804 malle
276 793 290 815 ,
327 774 459 821 quam
495 756 756 803 beneficium
788 775 798 802 :
833 758 1112 820 quorundam
1147 758 1410 806 beneficium

127 830 281 885 malle,
307 847 437 894 quam
466 830 692 878 iudicium.
722 845 764 877 et
787 829 1039 876 subiiciebat
1062 832 1289 893 exempla:
1316 836 1412 878 Ma-

130 905 203 961 lo,
234 905 397 963 aiebat,
420 906 513 952 divi
535 904 718 968 Augusti
742 904 952 951 iudicium
975 922 985 951 :
1008 906 1123 951 malo
1143 906 1316 952 Claudii
1334 907 1413 954 be-

130 976 352 1023 neficium.
395 980 489 1042 Ego
524 994 635 1024 vero
668 976 826 1023 nullius
860 990 969 1039 puto
1005 977 1293 1039 expetendum
1327 977 1413 1026 effe

131 1047 391 1095 beneficium
408 1084 420 1106 ‚
445 1049 565 1096 cuius
581 1048 670 1095 vile
687 1048 898 1095 iudicium
915 1048 989 1096 est.
1010 1049 1132 1109 Quid
1149 1049 1287 1112 ergo?
1304 1051 1412 1098 Non

131 1132 220 1168 erat
239 1120 545 1183 accipiendum
566 1138 590 1166 a
609 1121 799 1168 Claudio
820 1122 941 1183 quod
961 1122 1174 1168 dabatur?
1199 1125 1319 1168 Erat:
1340 1121 1413 1170 sed

132 1193 240 1240 ficut
257 1210 279 1239 a
295 1196 485 1240 Fortuna
499 1231 513 1251 ‚
529 1211 662 1258 quam
684 1195 812 1241 scires
831 1194 969 1246 statim
991 1194 1110 1256 poffe
1129 1194 1282 1240 malam
1304 1193 1414 1243 fieri.

134 1267 257 1327 Quid
275 1283 382 1330 ergo
403 1267 477 1313 ista
496 1268 608 1314 inter
631 1267 671 1314 se
686 1268 820 1314 mixta
841 1267 1111 1314 dividimus?
1133 1269 1239 1314 Non
1256 1268 1317 1314 est
1336 1269 1413 1314 be-

130 1336 335 1383 neficium
354 1370 367 1392 ,
386 1339 455 1384 cui
480 1339 597 1385 deest
622 1355 718 1400 pars
739 1339 930 1401 optima,
961 1339 1107 1385 datum
1128 1339 1213 1385 effe
1232 1338 1416 1388 iudicio.

132 1410 342 1473 Alioquin
359 1412 542 1474 pecunia
559 1412 709 1476 ingens
729 1413 759 1457 fi
779 1429 870 1459 non
888 1413 1056 1459 ratione
1069 1448 1081 1469 ,
1103 1430 1183 1459 nec
1201 1414 1312 1460 rec'ta
1329 1430 1414 1460 vo-

132 1484 294 1530 luntate
320 1486 479 1532 donata
506 1486 567 1532 est
585 1522 598 1545 ‚
620 1503 711 1533 non
730 1487 866 1550 magis
885 1486 1149 1534 beneficium
1170 1487 1229 1534 est
1243 1524 1256 1545 ‚
1278 1505 1413 1551 quam

132 1557 364 1605 thesaurus.
386 1560 525 1607 Multa
542 1560 640 1608 sunt
664 1572 833 1619 autern,
862 1578 972 1625 quae
991 1573 1169 1625 oportet
1183 1561 1378 1625 accipere
1393 1592 1411 1617 ‚

132 1649 214 1680 nec
236 1632 406 1682 debere.
893 1673 911 1698 ρ
