1742 2967
390 147 488 194 DE
535 147 959 192 BENEFICIIS
1007 147 1134 193 LIB.
1183 145 1279 194 VH.
1383 164 1472 212 327

200 270 293 302 non
312 253 569 311 inimicum,
593 253 783 301 invisum
811 252 919 300 mihi
944 252 1074 301 efficit
1099 272 1108 299 :
1134 254 1344 317 priorque
1370 255 1476 302 mihi

199 346 249 376 ac
274 327 428 391 potior
447 328 537 374 eius
557 328 690 375 officii
709 328 821 375 ratio
842 327 928 387 est,
952 329 1074 391 quod
1091 328 1284 376 humano
1303 328 1476 392 generi,

201 419 332 466 quam
352 402 475 465 quod
496 402 574 449 uni
593 402 765 448 homini
791 402 949 449 debeo.

265 474 375 521 XX.
404 475 486 520 Sed
514 476 716 537 quamvis
741 475 827 523 hoc
854 476 911 522 ita
937 475 1009 534 stt,
1038 486 1081 522 et
1112 492 1166 524 ex
1193 491 1249 522 eo
1277 487 1476 538 tempore

202 549 355 596 omnia
371 548 481 594 mihi
501 549 547 595 in
565 549 688 595 illum
707 548 786 595 sint
802 549 937 595 libera
952 585 964 606 ‚
980 566 1033 595 ex
1054 566 1145 612 quo
1160 585 1173 606 ,
1192 566 1476 612 corrumpen-

204 624 264 670 do
284 622 350 669 fas
375 638 535 680 omne,
556 634 603 669 ut
629 622 737 668 nihil
762 623 806 668 in
827 640 927 670 eum
949 622 1066 669 nefas
1095 622 1223 682 esset,
1253 623 1444 671 effecerit
1465 642 1476 671 :

201 697 324 742 illum
351 696 459 742 mihi
480 696 744 743 servandum
774 697 961 742 modum
981 695 1152 741 credam
1170 728 1183 750 ‚
1213 709 1261 742 ut
1285 695 1315 740 s1
1344 696 1477 743 bene-

202 767 354 815 ficium
368 766 431 812 illi
449 783 595 812 meum
614 781 757 828 neque
776 765 892 813 vires
910 764 1100 812 maiores
1132 767 1332 813 daturum
1360 767 1479 814 estin

203 840 387 887 exitium
413 855 651 886 commune
668 874 681 895 ‚
712 855 793 884 nec
814 837 1175 887 confirmaturum
1196 858 1301 903 quas
1321 843 1476 898 habet>3

204 912 249 959 id
268 927 414 958 autem
443 911 554 968 erit,
580 911 704 974 quod
732 910 792 956 illi
819 910 945 956 reddi
972 909 1057 956 fine
1087 913 1277 975 pernicie
1307 914 1479 975 publica

203 983 364 1047 poffit;
394 984 592 1029 reddam.
619 983 817 1029 Servabo
842 982 979 1029 filium
1010 985 1099 1031 eius
1129 985 1353 1033 infantem.
1374 987 1480 1049 quid

204 1060 295 1105 hoc
316 1056 579 1104 beneficium
599 1056 722 1103 obest
741 1056 943 1119 cuiquam
963 1073 1117 1104 eorum
1134 1094 1147 1116 ,
1190 1077 1301 1122 quos
1320 1063 1480 1109 crude—

202 1132 300 1178 litas
320 1130 411 1176 eius
429 1129 620 1176 lacerat?
642 1130 873 1192 pecuniam
892 1145 1002 1190 quae
1027 1129 1245 1176 satellitem
1265 1131 1480 1191 stipendio

203 1215 348 1250 teneat
361 1235 375 1258 ‚
392 1218 486 1249 non
505 1200 852 1248 subministrabo.
880 1200 924 1246 Si
938 1218 1157 1248 marmora
1181 1219 1224 1250 et
1244 1203 1382 1251 vestes
1402 1204 1482 1250 de·-

204 1275 456 1325 fideraverit
469 1311 484 1334 ‚
513 1275 620 1322 nihil
635 1275 779 1322 oberit
798 1274 1002 1338 cuiquam
1021 1275 1066 1321 id
1085 1293 1178 1339 quo
1197 1276 1366 1323 luxuria
1388 1276 1480 1323 eius

204 1351 428 1399 instruitur
453 1368 464 1398 :
501 1349 683 1396 militem
716 1365 760 1397 et
788 1367 907 1396 arma
937 1366 1029 1395 non
1057 1349 1291 1412 suggeram.
1323 1349 1362 1394 Si
1397 1365 1478 1411 pro

205 1440 370 1488 magno
400 1434 518 1485 petet
546 1439 726 1468 munere
755 1420 940 1469 artifices
963 1422 1139 1480 scenae,
1167 1432 1209 1469 et
1240 1421 1406 1477 scorta,
1440 1433 1482 1467 et

203 1513 317 1560 quae
346 1495 565 1543 feritatem
592 1494 682 1541 eius
709 1495 958 1552 emolliant,
988 1495 1122 1541 libens
1156 1494 1356 1540 offeram.
1394 1494 1479 1540 Cui

204 1569 400 1616 triremes
424 1581 465 1614 et
482 1580 645 1614 aeratas
668 1584 759 1614 non
777 1568 993 1614 mitterem
1008 1604 1022 1625 ,
1042 1567 1222 1613 lusorias
1246 1579 1288 1612 et
1307 1566 1482 1612 cubicu-

203 1642 334 1699 latas,
367 1652 410 1687 et
440 1639 519 1685 alia
547 1638 733 1684 ludibria
765 1655 914 1702 regum
951 1638 996 1684 in
1022 1638 1131 1684 mari
1161 1637 1480 1685 lascivientium

204 1715 390 1762 mittam.
414 1715 469 1758 Et
496 1712 527 1757 fi
550 1728 604 1757 ex
638 1715 738 1758 toto
767 1713 856 1758 eius
885 1712 1035 1758 sanitas
1065 1712 1285 1774 desperata
1314 1707 1448 1758 fuerit
1466 1749 1481 1770 ‚

203 1788 356 1834 eadem
376 1803 508 1832 manu
528 1784 786 1832 beneficium
807 1785 1012 1831 omnibus
1036 1785 1149 1830 dabo
1164 1820 1177 1843 ‚
1195 1785 1256 1830 illi
1277 1785 1479 1832 reddam:

205 1860 384 1925 quando
410 1857 592 1921 ingeniis
615 1857 767 1904 talibus
805 1858 919 1904 vitae
947 1858 1088 1903 exitus
1120 1857 1358 1903 remedium
1388 1857 1480 1903 est:
1503 1854 1506 1856 ’

206 1931 516 1994 optimumque
539 1927 600 1974 est
619 1928 744 1974 obire
762 1929 829 1983 ei,
847 1927 922 1991 qui
939 1929 992 1973 ad
1012 1927 1052 1974 se
1071 1945 1291 1991 nunquam
1315 1929 1481 1975 reditu-

204 2021 280 2051 rus
301 2001 373 2050 est.
391 2001 474 2047 Sed
493 2001 600 2047 haec
617 2017 710 2046 rara
724 2001 916 2064 nequitia
934 1999 1018 2055 est,
1041 2015 1084 2047 et
1105 2002 1273 2063 semper
1290 2001 1484 2063 portenti

205 2077 309 2123 loco
327 2075 473 2122 habita
487 2106 502 2129 ‚
530 2073 635 2119 ficut
654 2073 792 2120 hiatus
815 2085 978 2130 terrae,
1001 2083 1044 2119 et
1065 2074 1119 2119 de
1141 2076 1333 2121 cavernis
1355 2075 1484 2122 maris

204 2148 375 2213 ignium
395 2146 584 2208 eruptio.
612 2150 761 2209 ltaque
785 2146 839 2191 ab
862 2146 932 2192 illa
957 2147 1236 2192 recedamus:
1259 2147 1311 2192 de
1330 2146 1393 2193 his
1413 2148 1485 2193 lo-

204 2238 391 2284 quamur
420 2220 562 2279 vitiis,
592 2236 701 2282 quae
731 2218 989 2265 detestamur
1017 2218 1104 2265 fine
1136 2220 1336 2266 horrore.
1366 2221 1483 2268 Huic

205 2292 377 2339 homini
401 2292 516 2338 malo
534 2327 546 2348 ‚
574 2309 706 2354 quem
731 2290 930 2339 invenire
959 2290 1004 2338 in
1029 2291 1228 2353 quolibet
1254 2290 1357 2338 foro
1378 2291 1483 2354 pos·

203 2368 316 2424 sum,
330 2384 460 2430 quem
481 2366 631 2430 singuli
655 2366 825 2421 timent,
843 2365 1021 2410 reddam
1046 2364 1307 2411 beneficium
1322 2400 1335 2422 ‚
1359 2364 1482 2428 quod

213 2443 377 2507 accepi.
402 2444 510 2490 Non
538 2453 718 2505 oportet
746 2440 853 2503 milii
878 2439 1117 2504 nequitiam
1145 2438 1239 2484 eius
1257 2439 1490 2501 prodesse:

798 2504 811 2599 l
1162 2503 1210 2549 x
1242 2519 1274 2562 4

784 2600 798 2635 s
