1742 2967
370 179 470 245 DE
519 193 951 242 BREVITATE
998 192 1251 238 VITAE.
1379 206 1437 253 73

178 313 431 350 numeretur
441 318 596 359 annus,
613 317 767 347 omnes
783 316 918 347 annos
934 299 1029 346 suos
1047 309 1285 344 conterent,
1301 298 1447 356 Quos-

181 376 282 422 dam
303 386 442 421 autem
463 392 565 422 cum
591 374 635 420 in
653 375 867 421 summum
885 372 1138 419 ambitionis
1155 371 1447 424 eniterentur,

180 447 294 495 inter
320 447 458 510 prima
486 446 695 494 luRantes
712 483 724 500 ‚
748 457 860 492 aetas
886 445 1081 507 reliquit:
1111 442 1323 506 quosdam
1347 458 1445 488 cum

180 518 225 564 in
255 518 914 580 consummationem·dignitatis
941 533 1018 579 per
1037 517 1154 562 mille
1174 514 1448 578 indignitates

181 590 457 653 irrupissent,
483 591 633 640 misera
666 591 791 639 subiit
825 589 1058 653 cogitatio,
1092 588 1205 650 ipsos
1237 584 1447 633 laboraffe

181 662 226 716 in
264 663 436 709 titulum
469 663 653 725 sepulcri
671 679 691 713 ,:
723 661 998 723 quorundam
1038 659 1189 713 ultima
1223 658 1448 710 senefius‚

182 735 286 781 dum
306 736 349 781 in
370 753 509 784 novas
529 738 621 799 spes
641 750 687 782 ut
704 736 879 784 iuventa
901 733 1141 797 disponitur
1155 767 1169 789 ,
1186 731 1296 778 inter
1314 745 1448 781 conae

180 821 249 856 tus
273 828 449 874 magnos
474 824 518 858 et
542 810 772 872 improbos
791 807 981 856 invalida
1005 806 1178 853 defecit.

247 884 354 930 XX.
380 885 548 930 Foedus
574 884 676 939 ille,
703 899 832 946 quem
858 883 902 928 in
927 881 1096 927 iudicio
1123 894 1206 941 pro
1236 874 1448 939 ignotissi--⁴

182 959 265 1006 mis
289 958 577 1021 litigatoribus
600 959 807 1022 grandem
840 971 969 1013 natu,
998 967 1041 1001 et
1064 951 1287 1015 imperitae
1317 967 1450 996 coro-

182 1049 264 1079 nae
299 1032 599 1083 assentationes
635 1046 878 1093 captantem
898 1065 913 1088 ‚
947 1028 1118 1091 spiritus
1142 1025 1282 1088 liquit.
1315 1023 1451 1085 turpis

180 1103 254 1150 ille
270 1140 283 1161 ,
303 1104 377 1167 qui
393 1104 591 1151 vivendo
608 1103 735 1150 laffus
761 1103 889 1150 citius
908 1118 1038 1164 quam
1054 1097 1292 1146 laborando
1305 1129 1319 1152 ‚
1340 1095 1452 1140 inter

183 1177 273 1239 ipsa
305 1177 450 1224 officia
489 1176 700 1238 collapsus
730 1175 803 1222 cst.
832 1175 999 1237 turpis,
1028 1188 1160 1235 quem
1193 1166 1453 1230 accipiendis

182 1250 507 1296 immorientem
526 1249 791 1306 rationibus,
809 1248 886 1293 diu
901 1247 1055 1293 traEtus
1067 1243 1154 1290 rifit
1170 1242 1303 1288 heres.
1322 1243 1451 1287 Prae-

183 1323 314 1369 terire
332 1358 346 1380 ‚
370 1323 491 1386 quod
512 1321 618 1368 mihi
644 1320 835 1369 occurrit
855 1319 1100 1381 exemplum
1118 1353 1133 1374 ,
1159 1333 1250 1363 non
1268 1314 1453 1378 possum.

182 1394 428 1442 Turannius
446 1394 529 1442 fuit
546 1396 714 1442 exa&ae
736 1393 978 1457 diligentiae
995 1393 1149 1440 senex:
1166 1391 1242 1455 qui
1263 1389 1358 1452 post
1376 1405 1452 1435 an-

183 1485 290 1513 num
317 1468 643 1531 nonagesimum
664 1503 678 1526 ,
708 1484 808 1514 cum
832 1466 1107 1514 vacationem
1133 1460 1455 1527 procurationis

182 1556 206 1586 a
224 1540 277 1587 C.
299 1540 479 1587 Caesare
495 1541 613 1587 ultro
634 1538 883 1602 accepisset,
901 1536 1112 1600 componi
1131 1535 1173 1582 se
1190 1536 1234 1582 in
1251 1535 1364 1581 lefio
1377 1569 1391 1588 ,
1407 1543 1452 1579 et

182 1612 303 1659 velut
327 1612 569 1660 exanimem
598 1628 622 1658 a
648 1610 947 1658 circumstante
971 1609 1135 1656 familia
1159 1606 1301 1670 plangi
1326 1604 1452 1652 iuffir.

184 1686 380 1748 Lugebat
403 1685 561 1733 domus
586 1684 727 1732 otium
748 1684 918 1730 domini
939 1683 1069 1740 senis,
1095 1699 1177 1728 nec
1195 1678 1337 1726 finivit
1354 1692 1451 1723 ante

183 1756 394 1804 tristitiam
411 1793 425 1815 ‚
452 1774 582 1821 quam
600 1757 725 1803 labor
742 1756 803 1802 illi
823 1755 920 1802 suus
938 1754 1152 1801 restitutus
1168 1750 1240 1798 est.
1270 1749 1452 1795 Adeone

184 1829 306 1875 iuvat
326 1841 589 1892 occupatum
610 1828 753 1876 mori?
782 1829 900 1875 Idem
924 1828 1142 1891 plerisque
1168 1824 1334 1871 animus
1357 1822 1416 1868 est
1437 1840 1449 1868 :

186 1903 346 1950 diutius
363 1905 575 1968 cupiditas
598 1904 682 1951 illis
700 1902 860 1950 laboris
873 1938 886 1959 ‚
903 1919 1032 1964 quam
1053 1899 1230 1946 facultas
1247 1896 1331 1944 est:
1350 1911 1452 1942 cum

183 1975 476 2027 imbecillitate
512 1976 716 2041 corporis
756 1988 990 2039 pugnant:
1025 1974 1283 2020 seneffiitem
1316 1970 1450 2031 ipsam

183 2049 308 2096 nullo
325 2051 411 2097 alio
428 2052 608 2099 nomine
624 2067 802 2115 gravem
824 2049 1040 2104 iudicant,
1060 2063 1188 2111 quam
1208 2045 1330 2108 quod
1357 2042 1452 2088 illos

185 2122 367 2183 seponit.
392 2127 481 2171 Lex
498 2143 522 2171 a
550 2123 908 2188 quinquagesimo
928 2138 1044 2168 anno
1062 2120 1242 2166 militem
1260 2134 1352 2164 non
1370 2132 1450 2163 co-

185 2195 271 2257 git,
292 2213 315 2241 a
334 2195 597 2260 sexagesimo
618 2196 860 2244 senatorem
880 2211 970 2241 non
990 2194 1103 2241 citat.
1134 2191 1349 2239 difficilius
1367 2189 1450 2234 ho-

187 2270 325 2315 mines
347 2285 370 2314 a
400 2270 440 2315 se
470 2270 610 2316 otium
640 2270 893 2332 impetrant,
926 2284 1058 2331 quam
1085 2284 1109 2312 a
1138 2266 1245 2328 lege.
1275 2262 1451 2310 Interim

186 2344 289 2389 dum
319 2342 543 2405 rapiuntur
571 2358 614 2391 et
640 2343 841 2405 rapiunt,
867 2343 968 2388 dum
995 2343 1100 2388 alter
1128 2338 1298 2386 alterius
1324 2336 1450 2400 quie·

185 2425 272 2461 tem
303 2415 489 2477 rumpit,
518 2416 621 2462 ‹lum
659 2429 813 2462 mutuo
836 2416 930 2462 sunt
954 2414 1124 2467 miseri,
1157 2412 1246 2458 vita
1275 2411 1335 2459 est
1364 2410 1448 2456 fine

185 2486 357 2546 fru&u‚
389 2487 476 2536 stne
510 2489 767 2553 voluptate,
805 2488 890 2537 sine
920 2489 1008 2537 ullo
1051 2487 1251 2551 profeau
1285 2486 1446 2536 animi:
