1742 2967
291 196 377 253 162
508 205 556 250 L.'
607 202 898 248 ANNAEI
946 200 1300 247 SENECAE

282 305 676 371 Arcefila’r‚.quem
711 305 768 351 ait
798 322 822 351 a
850 304 940 351 filio
971 304 1156 352 familias
1191 306 1379 352 oblatam
1415 322 1556 369 pecu-

283 382 401 429 niam
423 396 512 426 non
534 377 770 441 accepisse,
801 395 853 424 ne
880 378 952 424 ille
973 393 1136 440 patrem
1161 378 1384 425 sordidum
1416 379 1560 426 offen·

282 455 416 502 deret.
443 453 565 513 Quid
593 451 694 498 fecit
723 450 848 496 laude
878 450 1091 513 dignum?
1117 452 1240 514 quod
1265 452 1431 499 furtum
1467 470 1558 499 non

283 526 487 591 recepit?
525 525 646 589 quod
679 523 831 570 maluit
864 540 955 570 non
981 525 1207 587 accipere,
1239 542 1369 589 quam
1399 527 1560 573 redde-

282 601 365 649 re?
395 616 504 662 quae
534 596 595 644 est
621 597 738 644 enim
772 595 956 642 alienam
984 613 1077 643 rem
1110 614 1203 644 non
1232 598 1427 660 accipere
1456 615 1560 646 mo·

281 674 478 721 deratio?
502 672 545 718 Si
572 670 777 732 exemplo
804 669 949 732 magni
977 671 1110 717 animi
1134 688 1248 735 opus
1271 672 1359 728 est,
1389 685 1562 720 utamur

282 745 489 796 Graecini
518 743 613 792 Iulii
641 743 726 790 viri
759 742 951 806 egregii,
976 760 1108 806 quem
1135 745 1188 790 C.
1213 745 1369 791 Caesar
1398 745 1561 798 occidit

285 821 346 869 ob
377 820 465 866 hoc
497 833 630 865 unum
650 851 664 873 ,
699 815 825 878 quod
861 815 1016 861 melior
1055 816 1124 863 vir
1157 829 1280 875 erat,
1311 834 1440 880 quam
1476 817 1564 865 ess‘e

285 907 550 958 quemquam
571 885 766 953 tyranno
783 887 1018 948 expediret.
1040 890 1076 934 Is
1093 905 1192 935 cum
1215 889 1267 934 ab
1283 889 1434 936 amicis
1452 906 1565 936 con-

286 964 522 1014 ferentibus
539 963 591 1008 ad
609 959 844 1022 impensam
867 958 1073 1005 ludorum
1096 961 1300 1022 pecunias
1323 961 1562 1024 acciperet,

289 1055 488 1103 magnam
503 1033 754 1099 pecuniam,
774 1048 797 1078 a
818 1032 950 1077 Fabio
963 1033 1134 1078 Persico
1148 1033 1314 1078 miffam
1334 1050 1423 1080 non
1442 1050 1564 1081 acce·

288 1114 365 1179 pit.
380 1115 432 1158 Et
448 1105 777 1171 obiurgantibus
791 1104 875 1162 his,
896 1104 971 1167 qui
987 1121 1077 1151 non
1091 1104 1366 1159 aestimabant
1384 1107 1564 1154 mitten-

288 1199 372 1244 tes,
406 1184 476 1232 sed
507 1181 655 1238 missa,
689 1178 808 1242 quod
838 1178 1130 1240 repudiasset:
1164 1181 1288 1241 Ego,
1318 1179 1479 1242 inquit,
1509 1178 1567 1235 ab·

290 1277 346 1309 eo
378 1255 642 1305 beneficium
669 1252 902 1314 accipiam,
931 1268 954 1297 a
975 1269 1066 1315 quo
1101 1252 1455 1314 propinationem
1489 1270 1566 1300 ac-

290 1344 499 1396 cepturus
524 1344 614 1374 non
640 1326 752 1371 sim?
777 1326 982 1387 Cumque
1007 1325 1070 1370 illi
1098 1326 1275 1371 Rebilus
1307 1324 1567 1381 consularis,

291 1405 432 1453 homo
465 1399 659 1448 eiusdem
691 1395 921 1452 infamiae,
949 1396 1165 1442 maiorem
1195 1396 1402 1442 summam
1430 1397 1568 1444 misis-

294 1477 386 1530 set,
417 1472 704 1534 instaretque,
734 1481 782 1516 ut
809 1469 949 1531 accipi
981 1469 1150 1516 iuberet
1181 1487 1192 1515 :
1219 1471 1376 1531 Rogo,
1404 1471 1569 1533 inquit,

294 1546 517 1612 ignoscas,
543 1561 644 1590 nam
673 1555 759 1589 eta
784 1541 952 1588 Perfico
984 1559 1075 1588 non
1103 1542 1266 1604 accepi.
1301 1544 1461 1589 Utrum
1480 1543 1570 1590 hoc

296 1637 479 1670 munera
501 1617 697 1679 accipere
726 1615 786 1662 est
806 1620 822 1662 ?
846 1632 899 1660 an
924 1615 1116 1661 senatum
1136 1615 1308 1678 legere?

361 1694 508 1740 XX11.
543 1692 661 1738 Cum
691 1689 993 1751 accipiendum
1018 1687 1391 1743 iudicaverimus3
1417 1687 1571 1736 hilares

296 1767 587 1830 accipiamus,
616 1762 874 1827 profitentes
902 1762 1105 1826 gaudium
1125 1779 1136 1808 τ
1159 1776 1203 1808 et
1220 1762 1265 1807 id
1289 1761 1406 1807 danti
1430 1761 1571 1807 mani-

295 1842 455 1889 festum
474 1840 549 1897 fit,
579 1850 626 1884 ut
651 1835 837 1882 fruCtum
865 1833 1129 1897 praesentem
1148 1834 1300 1896 capiat.
1328 1833 1435 1879 Iusta
1452 1834 1572 1882 enim

297 1919 423 1968 causa
455 1916 640 1964 laetitiae
667 1914 751 1971 est,
779 1913 938 1959 laetum
964 1912 1153 1958 amicum
1184 1912 1333 1958 videre
1354 1929 1365 1958 :
1387 1911 1538 1958 iustior
1556 1946 1572 1971 ,

298 1991 459 2040 feciffe.
493 1991 631 2035 Grate
661 1987 713 2032 ad
746 2001 829 2031 nos
857 1983 1101 2045 pervenisse
1141 1984 1379 2029 indicemus
1400 2015 1414 2038 ‚
1458 1983 1570 2030 effu-

299 2066 354 2112 fis
380 2062 629 2109 affeffibus:
663 2057 786 2121 quod
812 2072 902 2101 non
933 2055 1027 2117 ipso
1057 2067 1224 2101 tantum
1246 2057 1472 2114 audiente,
1498 2055 1572 2102 sed

300 2138 464 2201 ubique
481 2135 701 2182 testemur.
728 2130 822 2191 Qui
849 2141 968 2193 grate
991 2129 1248 2177 beneficium
1270 2130 1462 2193 accepit,
1483 2130 1573 2193 pri-

302 2228 420 2259 mam
435 2209 526 2254 eius
546 2205 798 2270 pensionem
821 2204 967 2250 solvit.

366 2284 530 2330 XXHl.
555 2284 660 2326 Sunt
687 2278 888 2342 quidam,
916 2275 992 2338 qui
1025 2275 1180 2323 nolunt
1207 2275 1283 2322 nisi
1310 2274 1474 2321 secreto
1501 2287 1573 2322 aci

286 2356 447 2418 ,cipere
474 2373 484 2398 :
511 2353 658 2401 testem
681 2349 892 2405 ,beneficii
925 2362 969 2395 et
997 2349 1219 2396 conscium
1255 2349 1393 2395 vitant
1423 2366 1433 2394 :
1461 2364 1574 2411 quos

301 2428 407 2476 scias
438 2427 538 2473 licet
564 2426 674 2472 male
705 2424 911 2486 cogitare.
966 2422 1217 2482 Quomodo
1251 2421 1368 2467 danti
1399 2421 1443 2466 in
1478 2433 1574 2466 tan-

286 2515 398 2551 ,tum
424 2497 708 2562 producenda
734 2495 891 2544 notitia
921 2493 983 2543 est
1011 2495 1202 2543 muneris
1233 2493 1295 2542 sui
1308 2529 1326 2553 ,
1351 2493 1397 2541 in
1431 2510 1572 2557 quam,
