1742 2967
345 179 397 226 18
562 182 610 226 L.
663 181 969 226 ANNAEI
1022 181 1413 234 SENECAE,

336 286 622 334 contumelias
645 303 827 351 quoque
856 287 949 334 suas
970 321 984 342 ‚
1023 305 1133 351 quae
1162 288 1412 336 acerbiores
1446 288 1614 350 princi-

338 357 466 419 pibus
503 358 643 405 solent
667 357 777 415 effe,
810 374 941 421 quam
967 359 1180 416 iniuriae,
1216 359 1331 406 nulla
1361 360 1616 407 crudelitate

338 431 652 494 exsequebatur
681 449 691 478 ε
719 431 841 495 quod
876 432 1097 492 probrosis
1125 432 1171 478 in
1202 432 1243 478 se
1277 433 1400 479 dietis
1436 432 1574 479 arrifit
1604 451 1614 479 ε

339 504 461 564 quod
495 503 598 550 dare
627 503 750 550 illum
780 520 943 567 poenas
977 505 1242 567 apparebat,
1268 521 1367 551 cum
1391 505 1615 567 exigeret:

337 574 463 637 quod
482 591 771 638 quoscunque
797 575 857 622 ob
878 576 1139 634 adulterium
1160 574 1351 623 familiae
1372 575 1470 622 suae
1491 576 1618 622 dam-

338 661 546 705 naverat,
569 648 681 695 adeo
713 665 803 694 non
831 649 1024 706 occidit,
1056 661 1102 695 ut
1126 648 1304 695 dimiffis
1320 684 1333 704 ,
1356 665 1449 711 quo
1475 649 1615 695 tutio—

339 737 405 767 res
425 720 559 767 effent
573 755 587 778 ,
607 719 845 783 diplomata
866 721 1000 768 daret.
1028 723 1129 768 Hoc
1152 719 1214 767 est
1240 720 1490 784 ignoscere,
1514 739 1617 769 cum

338 793 444 841 scias
482 793 643 840 multos
673 792 844 840 futuros
872 794 947 856 qui
985 809 1069 856 pro
1103 807 1147 840 te
1172 792 1431 850 irascantur,
1463 802 1506 840 et
1535 794 1617 840 tibi

337 866 481 913 alieno
511 865 714 929 sanguine
746 864 1084 928 gratificentur3v
1103 881 1195 911 non
1226 865 1329 912 dare
1354 880 1525 912 tantum
1557 866 1618 912 sa-

336 943 503 996 lutem,
540 939 610 985 sed
640 938 869 1001 praestare.

402 1013 484 1058 XI.
518 1012 639 1058 Haec
663 1010 880 1074 Augustus
909 1011 1064 1068 senex,
1085 1023 1158 1057 aut
1178 1009 1264 1056 iam
1287 1010 1332 1057 in
1357 1010 1620 1058 senectutem

339 1087 460 1133 annis
486 1086 781 1149 vergentibus.
822 1084 866 1131 in
892 1084 1184 1131 adolescentia
1215 1084 1372 1140 caluit,
1401 1084 1499 1130 arsit
1528 1084 1621 1141 ira,

340 1159 475 1206 multa
509 1158 643 1214 fecit,
682 1158 736 1204 acl
774 1173 884 1220 quae
930 1156 1096 1203 invitus
1133 1155 1287 1202 oculos
1323 1157 1622 1219 retorquebat.

339 1233 613 1294 Comparare
632 1246 766 1277 nemo
793 1228 1112 1277 mansuetudini
1138 1242 1236 1274 tuae
1260 1228 1436 1275 audebit
1466 1228 1620 1277 divu‘m

343 1306 602 1370 Augustum,
623 1305 791 1353 etiamst
810 1304 855 1350 in
879 1315 1097 1350 certamen
1117 1302 1378 1350 iuveniiium
1402 1319 1621 1350 annorum

341 1378 572 1426 deduxerit
602 1377 865 1424 seneEtutem
901 1375 999 1438 plus
1032 1391 1165 1439 quam
1201 1389 1431 1422 maturam.
1476 1377 1622 1422 Fuerit

342 1452 594 1499 moderatus
617 1465 659 1497 et
677 1450 898 1497 clemens:
927 1465 1087 1512 nempe
1118 1447 1216 1511 post
1246 1465 1367 1496 mare
1396 1450 1620 1497 Actiacum

343 1527 548 1571 Romano
585 1540 742 1570 cruore
781 1522 988 1570 infectum
1011 1557 1024 1579 ,
1059 1538 1219 1584 nempe
1254 1522 1353 1584 post
1388 1523 1542 1570 fractas
1574 1523 1628 1571 in

342 1596 484 1643 Sicilia
514 1594 692 1653 claffes,
719 1610 764 1642 et
796 1594 890 1641 suas
923 1607 966 1642 et
993 1594 1150 1640 alienas
1177 1611 1187 1640 :
1213 1611 1372 1657 nempe
1402 1594 1502 1656 post
1538 1595 1622 1640 Pe-

342 1668 503 1716 rusinas
540 1686 660 1724 aras,
686 1682 730 1715 et
760 1667 1118 1731 proscriptiones.
1151 1668 1248 1730 Ego
1274 1682 1389 1714 vero
1429 1666 1621 1713 clemen-

342 1744 447 1791 tiam
474 1761 566 1791 non
584 1759 706 1791 voco
732 1742 876 1789 lassam
909 1742 1227 1789 crudelitatem.
1253 1742 1375 1787 Haec
1396 1740 1482 1798 est,
1505 1741 1619 1787 Cae-

343 1817 433 1873 sar,
463 1816 690 1864 clementia
709 1832 833 1872 vera,
853 1833 986 1879 quam
1000 1829 1047 1862 tu
1067 1814 1272 1877 praestas,
1294 1830 1406 1877 quae
1419 1830 1510 1860 non
1530 1814 1621 1861 sae-

343 1889 475 1935 vitiae
503 1889 773 1952 poenitentia
798 1891 948 1951 coepit
970 1908 979 1935 :
1002 1889 1162 1935 nullam
1191 1889 1350 1934 habere
1380 1888 1621 1946 maculam,

343 1978 568 2025 nunquam
587 1961 762 2009 civilem
782 1961 1034 2024 sanguinem
1055 1960 1226 2007 fudisse.
1245 1961 1363 2007 Haec
1392 1960 1455 2006 est
1470 1960 1514 2005 in
1535 1977 1624 2006 ma-

342 2038 458 2083 xima
482 2037 694 2100 potestate
708 2073 722 2096 ,
744 2037 964 2083 veriffima
990 2035 1125 2082 animi
1149 2035 1434 2096 temperantia
1450 2066 1463 2089 ,
1484 2046 1526 2080 et
1547 2034 1624 2079 hu-

344 2111 461 2157 mani
485 2111 655 2174 generis
681 2107 1131 2172 incomprehensibilis
1162 2122 1314 2165 amor,
1340 2122 1431 2152 non
1457 2105 1624 2168 cupidi·

341 2197 426 2230 tate
458 2187 633 2248 aliqua,
660 2201 753 2231 non
779 2183 1027 2231 temeritate
1059 2181 1265 2239 incendi,
1298 2197 1388 2226 non
1420 2180 1621 2242 priorum

340 2259 589 2321 principum
624 2258 837 2319 exemplis
870 2271 1125 2318 corruptum
1143 2291 1157 2312 ‚
1189 2266 1401 2316 quantum
1429 2255 1472 2299 in
1500 2253 1619 2299 cives

341 2331 439 2378 suos
465 2333 612 2386 liceat,
637 2332 906 2392 experiendo
938 2345 1130 2386 tentare,
1158 2328 1228 2374 sed
1255 2329 1455 2374 hebetare
1483 2325 1621 2370 aciem

342 2406 519 2466 imperii
550 2405 624 2452 sui„
654 2402 927 2461 Praestitisti,
956 2402 1140 2456 Caesar,
1168 2399 1394 2446 civitatem
1419 2398 1621 2444 incruen-

340 2490 529 2543 tamhet
556 2478 644 2526 hoc
671 2477 793 2541 quod
819 2492 978 2541 magno
1003 2474 1153 2525 animo
1179 2473 1388 2538 gloriatus
1415 2486 1488 2530 ες,
1509 2471 1552 2521 N
1557 2470 1622 2517 ul-
