1742 2967
374 144 473 217 DE
518 171 948 220 BENEFicus
996 176 1122 222 ΜΒ.
1168 180 1245 226 iv,
1353 197 1439 243 223

171 277 359 325 latenti?
393 278 529 342 Atqui
559 279 632 325 hic
652 315 666 338 ,
698 280 826 326 etiam
857 280 887 327 fi
913 281 1023 328 ultra
1056 283 1197 331 facere
1230 286 1336 332 nihil
1360 304 1446 350 po-

173 353 284 410 test,
313 366 455 416 gratus
489 352 581 399 est:
610 366 754 411 amat,
776 355 928 413 debet,
959 356 1122 403 referre
1155 360 1335 421 gratiam
1368 380 1447 408 cu-

171 426 248 488 pit.
281 425 516 489 Quidquid
543 427 652 472 ultra
680 427 916 485 desideras,
951 445 1041 474 non
1071 429 1148 492 ipsi
1169 431 1296 478 deest.
1327 434 1448 480 Arti-

171 498 245 546 fex
270 500 331 546 est
362 500 516 557 etiam,
542 501 611 547 cui
635 502 688 546 ad
714 502 1002 548 exercendam
1031 515 1167 549 artem
1189 504 1449 552 instrumen-

168 589 211 621 ta
228 591 320 620 non
343 575 575 637 suppetunt
596 593 606 621 :
629 592 708 621 nec
732 576 876 622 minus
906 576 1086 622 canendi
1114 578 1299 639 peritus,
1314 581 1448 627 cuius

169 663 332 694 vocem
371 648 563 693 exaudiri
599 647 799 694 fremitus
832 648 1176 711 obstrepentium
1212 668 1302 697 non
1339 652 1450 700 finit.

169 720 292 766 Volo
310 719 471 767 referre
490 721 697 783 gratiam:
726 720 822 783 post
848 721 934 768 hoc
952 722 1117 784 aliquid
1145 722 1335 784 superest
1360 725 1450 770 mi-

165 794 238 853 hi,
266 811 356 840 non
385 806 433 840 ut
456 806 621 856 gratus,
648 791 720 837 sed
754 805 801 837 ut
827 792 992 837 solutus
1022 793 1114 839 fim.
1169 794 1301 855 Saepe
1330 796 1448 842 enim

165 878 209 913 et
233 867 310 930 qui
340 867 520 930 gratiam
547 863 715 919 retulit,
746 864 938 927 ingratus
964 864 1056 911 est:
1079 878 1150 923 et,
1178 867 1252 929 qui
1273 884 1360 913 non
1380 885 1448 915 re-

164 940 290 998 tulit,
322 953 476 1003 gratus.
522 940 638 984 Nam
670 950 718 984 ut
753 937 954 983 omnium
987 939 1167 985 aliarum
1200 941 1446 998 virtutum,

164 1012 223 1060 ita
249 1014 396 1071 huius,
427 1015 481 1060 ad
499 1014 695 1059 animum
723 1022 815 1057 tota
838 1011 1080 1060 aestimatio
1101 1013 1223 1060 redit.
1243 1013 1327 1060 Hic
1354 1015 1384 1060 fi
1403 1016 1449 1062 in

164 1086 316 1133 officio
334 1086 416 1144 est,
433 1084 648 1149 quidquid
669 1083 806 1130 defuit
822 1119 834 1141 ‚
855 1081 1031 1130 fortuna
1051 1099 1215 1147 peccat.
1242 1089 1449 1147 Quomo-

164 1161 225 1206 do
244 1159 304 1206 est
323 1160 502 1206 disertus
521 1159 653 1204 etiam
672 1156 747 1219 qui
766 1168 904 1211 tacet,
932 1157 1058 1204 fortis
1080 1159 1209 1205 etiam
1237 1159 1313 1220 qui
1332 1176 1448 1206 com-

166 1232 315 1294 pressis
350 1232 577 1287 manibus,
611 1230 682 1275 vel
717 1239 760 1274 et
786 1227 994 1291 alligatis:
1024 1231 1256 1292 quomodo
1286 1232 1447 1293 guber-

165 1318 295 1352 nator
318 1305 448 1351 etiam
470 1304 546 1365 qui
570 1304 614 1348 in
632 1302 747 1348 {icco
775 1300 834 1347 est
850 1333 864 1356 ‚
895 1302 997 1363 quia
1018 1304 1340 1351 consummatae
1363 1306 1448 1352 sci-

162 1379 304 1425 entiae
333 1378 443 1424 nihil
477 1376 623 1432 deest,
649 1375 779 1421 etiam
815 1373 844 1418 fi
878 1375 984 1436 quid
1012 1376 1151 1422 obstat
1179 1394 1271 1439 quo
1303 1378 1448 1426 minus

163 1453 207 1500 se
226 1466 400 1500 utatur:
421 1452 479 1499 ita
498 1464 644 1515 gratus
665 1449 752 1505 est,
782 1449 913 1495 etiam
934 1449 1008 1511 qui
1030 1450 1126 1495 vult
1142 1461 1306 1497 tantum
1322 1483 1336 1506 ,
1367 1469 1448 1499 nec

163 1527 295 1573 habet
324 1525 451 1572 huius
473 1523 717 1571 voluntatis
745 1522 841 1568 suae
869 1521 1005 1567 ullum
1037 1522 1195 1578 alium,
1225 1541 1354 1586 quam
1373 1524 1415 1571 se
1432 1559 1447 1581 ,

163 1599 330 1647 testem.
354 1601 499 1645 Immo
518 1596 702 1659 amplius
720 1594 934 1641 adiiciam.
953 1594 1014 1641 est
1032 1595 1265 1658 aliquando
1287 1609 1447 1660 gratus,

163 1673 293 1720 etiam
313 1672 388 1735 qui
407 1671 596 1735 ingratus
619 1671 817 1723 videtur,
841 1685 970 1731 quem
993 1669 1105 1715 mala
1122 1671 1332 1732 interpres
1345 1670 1447 1732 opi-

165 1746 243 1792 nio
263 1746 309 1791 in
329 1744 598 1791 contrarium
619 1742 818 1790 traducit.
848 1741 932 1787 Hic
959 1741 1065 1803 quid
1085 1742 1198 1788 aliud
1226 1744 1412 1806 sequitur
1429 1775 1446 1799 ‚

164 1835 297 1882 quam
318 1818 453 1880 ipsam
475 1815 820 1863 conscientiam?
841 1829 952 1875 quae
972 1814 1102 1860 etiam
1123 1816 1278 1860 obruta
1298 1815 1445 1861 delec-

163 1902 252 1946 tat,
271 1909 384 1955 quae
402 1889 615 1937 concioni
633 1905 683 1935 ac
703 1887 843 1932 famae
861 1887 1091 1944 reclamat,
1111 1901 1153 1935 et
1174 1888 1218 1933 in
1237 1888 1278 1933 se
1297 1888 1447 1933 omnia

163 1964 369 2026 reponit,
403 1975 447 2009 et
479 1979 580 2009 cum
612 1961 833 2023 ingentem
866 1975 918 2004 ex
951 1959 1086 2005 altera
1122 1976 1243 2022 parte
1274 1959 1446 2005 turbam

164 2049 319 2082 contra
343 2034 619 2082 sentientium
641 2031 863 2094 adspexit,
884 2047 974 2077 non
998 2046 1196 2078 numerat
1219 2030 1414 2094 suffragia
1430 2063 1445 2086 ‚

164 2107 238 2154 sed
257 2124 342 2153 una
360 2106 567 2154 sententia
588 2105 740 2153 vincit.
767 2106 811 2151 Si
837 2119 948 2153 vero
979 2105 1139 2150 bonam
1163 2103 1295 2162 fiden)
1317 2102 1446 2164 perfi-

164 2180 261 2226 diae
289 2179 510 2242 suppliciis
533 2179 646 2225 affici
668 2179 815 2234 videt,
838 2193 929 2222 non
956 2177 1175 2224 descendit
1193 2193 1217 2222 e
1241 2174 1412 2236 fastigio
1428 2210 1443 2233 ,

162 2252 237 2300 sed
260 2253 384 2313 supra
402 2269 590 2315 poenam
610 2251 729 2297 suam
750 2248 952 2297 confistit.

230 2326 379 2372 XXII.
416 2325 599 2379 Habeo,
628 2322 767 2385 inquit
787 2357 799 2377 ,
835 2321 956 2383 quod
988 2318 1140 2375 volui,
1169 2317 1290 2380 quod
1328 2315 1444 2378 petii.

168 2395 274 2443 Non
296 2397 518 2459 poenitet,
540 2413 622 2443 nec
641 2394 909 2458 poenitebit,
927 2410 1008 2439 nec
1030 2392 1113 2438 ulla
1133 2391 1358 2452 iniquitate
1375 2405 1446 2434 me

165 2483 221 2515 eo
244 2467 423 2517 fortuna
442 2468 678 2532 perducet,
707 2481 755 2515 ut
783 2466 894 2515 hanc
914 2480 1072 2514 vocem
1096 2463 1294 2520 audiam,
1322 2459 1446 2521 Quid
