1742 2967
321 199 385 256 64
566 197 617 246 L.
667 196 965 244 ANNAEI
1010 197 1363 247 SENECAE

318 303 500 351 Boccho
527 304 867 352 iaculatoribus?
895 316 937 352 et
956 304 1042 351 hoc
1061 305 1156 353 sane
1185 308 1434 356 remittatur.
1460 309 1579 358 Num

317 391 364 425 et
385 379 647 440 Pompeium
674 378 863 440 primum
893 377 936 422 in
966 377 1088 424 circo
1114 378 1441 440 elephantorum
1466 384 1582 429 duo-

316 450 527 514 deviginti
563 467 750 513 pugnam
781 448 1248 505 edidiffe‚'commiffis
1278 468 1401 498 more
1428 454 1582 514 proelii

317 523 460 571 noxiis
491 522 772 577 hominibus,
803 523 857 568 ad
885 523 1010 568 ullam
1043 539 1134 568 rem
1165 523 1326 570 bonam
1359 527 1581 588 pertinet?

315 598 519 660 Princeps
548 596 737 644 civitatis
751 632 764 653 ‚
782 609 825 642 et
841 595 952 642 inter
969 594 1171 659 antiquos
1196 597 1408 659 principes
1422 634 1434 655 ‚
1454 610 1500 645 ut
1519 599 1583 645 fa·

314 687 385 718 ma
411 671 610 729 tradidit,
643 669 849 717 bonitatis
868 669 1076 726 eximiae,
1110 673 1392 718 memorabile
1413 674 1584 735 putavit

315 743 542 805 spectaculi
570 759 730 806 genus,
754 758 878 788 novo
900 758 1023 789 more
1050 743 1230 804 perdere
1253 745 1462 793 homines.
1482 748 1585 794 De-

314 828 506 877 pugnant
524 814 542 862 ?
567 831 719 878 parum
737 813 810 861 est.
828 813 1122 860 lancinantur?
1147 832 1298 877 parum
1315 816 1374 862 est
1393 835 1402 863 :
1421 819 1584 882 ingenti

315 888 435 933 mole
464 888 715 933 animalium
745 899 1004 932 exterantur.
1042 886 1179 933 Satius
1210 901 1299 934 erat
1323 889 1396 936 ista
1424 891 1468 936 in
1496 892 1584 937 ob-

315 957 530 1006 livionem
553 959 637 1018 ire,
662 975 716 1005 ne
741 959 840 1022 quis
870 958 1017 1019 postea
1044 974 1199 1021 potens
1224 962 1435 1022 disceret,
1463 963 1584 1011 invi-

313 1031 524 1093 deretque
552 1034 613 1081 rei
642 1033 825 1080 minime
854 1034 1082 1078 humanae.

379 1105 501 1152 XlV.
528 1108 573 1153 O
590 1118 800 1169 quantum
828 1104 1023 1166 caliginis
1042 1103 1257 1149 mentibus
1280 1105 1476 1152 humanis
1502 1105 1584 1152 ob-

312 1175 406 1225 iicit
437 1195 590 1241 magna
622 1177 831 1224 felicitas!
867 1176 943 1222 Ille
977 1176 1018 1222 se
1049 1176 1174 1238 supra
1204 1192 1347 1222 rerum
1384 1192 1581 1224 naturam

311 1251 398 1298 effe
427 1264 530 1297 tunc
568 1252 782 1308 credidit,
816 1267 914 1296 cum
950 1260 1018 1294 tot
1051 1247 1311 1295 miserorum
1351 1250 1583 1298 hominum

314 1337 510 1372 catervas
539 1325 615 1371 sub
644 1325 730 1371 alio
755 1324 886 1370 coelo
911 1321 1022 1367 natis
1051 1321 1188 1369 beluis
1213 1322 1454 1377 obiicerem
1480 1340 1582 1369 cum

312 1396 472 1443 bellum
489 1398 600 1442 inter
619 1411 705 1443 tam
725 1394 905 1456 disparia
923 1393 1122 1440 animalia
1141 1394 1461 1449 committeret;
1481 1413 1582 1443 cum

311 1466 356 1514 in
382 1467 614 1531 conspeEtu
646 1468 797 1530 populi
823 1465 1012 1512 Romani
1039 1466 1226 1512 multum
1247 1466 1461 1529 sanguinis
1486 1467 1583 1513 fun·

313 1540 455 1597 deret,
479 1556 583 1586 mox
611 1541 707 1603 plus
731 1539 869 1602 ipsum
897 1537 1081 1585 fundere
1109 1538 1349 1586 coacturus.
1381 1544 1441 1586 At
1465 1540 1583 1586 idem

311 1611 461 1674 postea
488 1611 772 1659 Alexandrina
800 1610 980 1674 perfidia
1009 1611 1214 1674 deceptus
1232 1647 1245 1669 ‚
1270 1611 1427 1658 ultimo
1458 1629 1582 1658 man-

311 1683 435 1745 cipio
462 1683 838 1731 transfodiendum
865 1682 907 1729 se
936 1682 1170 1745 praebuit,
1199 1695 1290 1729 tum
1318 1684 1493 1730 demum
1513 1686 1582 1729 in-

312 1756 476 1803 tellecta
494 1745 611 1802 inani
626 1756 856 1803 metatione
872 1750 1150 1818 cognominis
1170 1755 1243 1801 sui.
1264 1758 1346 1802 Sed
1366 1769 1411 1802 ut
1428 1758 1503 1803 illo
1518 1773 1584 1803 re·

314 1841 478 1885 vertar,
503 1830 621 1876 unde
642 1828 796 1876 decessi
814 1861 828 1884 ‚
848 1829 952 1876 etin
976 1828 1054 1874 alia
1073 1828 1249 1874 materia
1269 1827 1493 1875 ostendam
1517 1828 1584 1876 su-

313 1917 577 1963 pervacuam
606 1901 880 1963 quorundam
908 1899 1200 1962 diligentiam:
1228 1900 1343 1946 idem
1364 1901 1584 1955 narrabat,

314 1974 540 2020 Metellum
577 1973 704 2020 victis
733 1973 777 2019 in
812 1973 953 2019 Sicilia
984 1972 1170 2028 Poenis,
1205 1973 1540 2035 triumphantem
1563 2006 1580 2030 ‚

314 2062 446 2090 unum
473 2045 672 2091 omnium
698 2045 1001 2090 Romanorum
1022 2061 1118 2091 ante
1141 2061 1318 2092 currum
1344 2059 1519 2093 centum
1540 2059 1583 2094 et

314 2117 471 2181 viginti
490 2117 689 2180 captivos
706 2118 957 2180 elephantos
972 2118 1135 2166 duxiss‘e
1154 2137 1165 2166 ι
1184 2120 1367 2179 Sullam,
1381 2120 1583 2168 ultimum

317 2193 622 2238 Romanorum
649 2192 873 2254 protulisse
893 2193 1197 2256 pomoerium,
1222 2197 1343 2258 quod
1362 2212 1582 2258 nunquam

316 2264 608 2327 provinciali,
636 2266 705 2312 sed
730 2266 879 2313 Italico
898 2283 1004 2330 agro
1030 2267 1236 2330 acquisito
1265 2284 1361 2316 mos
1385 2267 1582 2330 proferre

316 2338 431 2399 apud
456 2337 658 2402 antiquos
685 2337 782 2386 fuit.
813 2340 912 2386 Hoc
943 2339 1047 2386 scire
1072 2340 1206 2403 magis
1228 2340 1427 2403 prodest,
1453 2357 1582 2403 quam

316 2411 585 2457 Aventinum
621 2425 817 2459 montem
846 2426 964 2460 extra
995 2414 1275 2476 pomoerium
1303 2414 1410 2469 effe,
1436 2426 1482 2460 ut
1509 2414 1582 2460 ille

317 2482 554 2530 affirmabat
573 2514 586 2538 ,
613 2496 792 2548 propter
822 2485 1000 2532 alteram
1035 2503 1090 2534 ex
1125 2487 1288 2534 duabus
1321 2485 1483 2535 caufis:
1510 2497 1583 2534 aut
