1742 2967
355 182 457 233 DE
503 186 979 232 CLER‘IENTIA
1036 188 1247 233 LIB.1.
1383 186 1436 249 μ’

159 291 286 355 saepe
315 294 610 341 vindicantur.
639 295 762 339 Pater
781 306 878 340 tuus
897 294 1044 355 plures
1064 288 1173 338 intra
1193 294 1440 357 quinquen-

158 364 281 410 nium
310 366 437 413 culeo
473 365 634 422 insuit,
678 382 807 429 quam
849 365 1056 412 omnibus
1090 365 1241 412 seculis
1275 366 1439 414 insutos

157 439 419 500 accepimus.
450 439 590 485 multo
617 438 761 485 minus
791 438 1006 485 audebant
1037 437 1164 484 liberi
1195 438 1312 485 nefas
1337 441 1439 486 ulti-

157 525 279 555 mum
299 509 548 567 admittere,
569 509 778 572 quamdiu
798 509 887 555 fine
905 509 999 572 lege
1019 508 1185 556 crimen
1206 507 1300 556 fuit.
1319 511 1442 556 Sum-

156 597 227 625 ma
254 580 371 626 enim
407 580 639 643 prudentia
672 578 859 626 altissimi
887 580 975 626 viri
1005 592 1048 626 et
1075 596 1224 626 rerum
1258 594 1440 629 naturae

156 651 399 713 peritiffimi
423 653 688 709 maluerunt,
706 651 826 699 velut
850 649 1106 698 incredibile
1134 650 1266 697 scelus
1281 686 1294 709 ‚
1319 665 1362 698 et
1382 654 1439 698 ul·

153 738 218 772 tra
241 726 465 772 audaciam
490 724 680 788 politum
709 724 973 787 praeterire,
1002 741 1135 787 quam
1162 723 1265 770 dum
1295 725 1439 773 vindi-

154 813 280 857 cant,
312 798 542 845 ostendere
571 796 696 860 poffe
731 795 839 844 fieri.
878 798 1032 860 Itaque
1065 796 1307 859 parricidae
1335 815 1439 845 cum

150 872 250 934 lege
285 884 555 935 coeperunt,
592 881 634 917 et
663 870 746 917 illis
783 870 950 917 facinus
984 886 1129 933 poena
1165 869 1442 919 monstravit.

155 947 340 1007 peffimo
375 963 488 994 vero
523 947 628 993 loco
662 945 800 1009 pietas
839 944 920 991 fuit
948 976 963 1000 ‚
1000 944 1231 1008 postquam
1272 945 1438 1007 saepius

155 1020 305 1068 culeos
331 1019 554 1075 vidimus·‚
581 1036 711 1082 quam
741 1035 902 1068 cruces.
932 1020 979 1064 In
1012 1034 1096 1081 qua
1131 1016 1307 1064 civitate
1334 1034 1437 1064 raro

155 1092 356 1140 homines
374 1093 614 1155 puniuntur
628 1125 642 1148 ‚
665 1091 710 1138 in
730 1108 779 1138 ea
799 1089 1032 1139 consensus
1060 1088 1109 1136 fit
1129 1090 1436 1151 innocentiae,

155 1176 198 1209 et
216 1164 466 1227 indulgetur
484 1165 604 1212 velut
632 1163 809 1227 publico
841 1162 977 1208 bono.
996 1163 1125 1208 Putet
1143 1161 1184 1208 se
1211 1162 1434 1210 innocen-

153 1248 241 1281 tem
260 1235 346 1282 effe
367 1236 541 1283 civitas:
563 1236 658 1284 erit.
684 1236 821 1298 magis
840 1234 1037 1282 irascitur
1056 1251 1078 1279 a
1098 1235 1327 1281 communi
1346 1235 1438 1282 fru-

153 1307 326 1370 galitate
346 1308 702 1366 desciscentibus,
727 1308 755 1353 si
777 1324 940 1371 paucos
959 1324 1037 1353 eos
1053 1306 1137 1353 effe
1158 1307 1334 1355 viderit.
1353 1310 1437 1355 Pe-

152 1380 385 1428 riculosum
410 1381 493 1438 est,
511 1382 620 1428 mihi
639 1383 797 1441 crede,
827 1381 1056 1428 ostendere
1075 1380 1273 1437 civitati,
1296 1397 1437 1444 quan-

152 1467 202 1499 to
221 1453 364 1515 plures
384 1456 487 1501 mali
504 1455 598 1501 sint.

214 1527 391 1574 XXIV.
408 1528 540 1574 Dicta
558 1526 619 1574 est
641 1526 874 1589 aliquando
895 1526 941 1572 in
960 1527 1118 1572 Senatu
1138 1524 1369 1585 sententia,
1387 1542 1435 1574 ut

150 1598 301 1645 servos
320 1616 344 1645 a
369 1599 516 1648 liberis
538 1599 680 1647 cultus
703 1599 997 1663 distingueret.
1033 1599 1189 1646 deinde
1211 1601 1436 1663 apparuit,

149 1685 357 1735 quantum
377 1675 621 1736 periculum
644 1674 920 1731 immineret,
940 1673 970 1719 fi
987 1673 1098 1721 servi
1123 1672 1261 1719 nostri
1282 1690 1435 1721 nume-

148 1763 245 1792 rare
265 1763 346 1793 nos
372 1748 625 1811 coepissent.
651 1749 769 1793 Idem
802 1748 910 1795 scito
940 1749 1226 1794 metuendum
1255 1748 1341 1795 effe
1358 1780 1371 1803 ,
1402 1747 1435 1794 fi

148 1819 256 1865 nulli
282 1820 535 1883 ignoscitur.
570 1822 663 1868 cito
685 1821 938 1884 apparebit,
969 1838 1068 1884 pars
1093 1822 1286 1868 civitatis
1313 1822 1436 1869 dete-

146 1892 240 1937 rior
265 1906 431 1955 quanto
460 1906 734 1957 praegravet.
764 1896 870 1940 Non
891 1894 1042 1940 *minus
1073 1894 1264 1956 Principi
1289 1894 1436 1956 turpia

112 1963 123 1971 '
146 1965 242 2013 sunt
278 1969 413 2014 multa
446 1968 682 2031 supplicia,
716 1986 848 2031 quam
887 1969 1064 2015 medico
1096 1969 1232 2015 multa
1268 1968 1435 2016 funera.

146 2042 376 2089 Remiffius
401 2043 666 2106 imperanti,
685 2045 839 2092 melius
863 2060 1052 2108 paretur.
1081 2045 1249 2090 Natura
1272 2056 1432 2090 contu-

145 2133 247 2162 max
269 2115 330 2160 est
347 2117 562 2163 humanus
578 2119 747 2163 animus
763 2153 775 2174 ,
796 2130 837 2162 et
856 2118 900 2163 in
921 2116 1189 2163 contrarium
1211 2128 1339 2178 atque
1359 2133 1430 2160 ar-

146 2189 280 2235 duum
300 2188 467 2244 nitens;
493 2189 774 2253 sequiturque
803 2191 995 2243 facilius,
1018 2207 1148 2252 quam
1170 2190 1355 2235 ducitur.
1379 2191 1432 2234 Et

144 2275 192 2309 ut
209 2261 406 2325 generosi
428 2277 558 2325 atque
585 2265 760 2310 nobiles
781 2264 915 2326 equi,
948 2265 1105 2310 melius
1134 2262 1249 2309 facili
1278 2261 1431 2307 fraeno

145 2347 384 2397 reguntur:
411 2335 468 2380 ita
494 2337 770 2382 clementiam
797 2338 1044 2383 voluntaria
1073 2336 1325 2382 innocentia
1344 2336 1432 2381 im«

144 2420 248 2469 petu
280 2409 357 2453 suo
382 2408 604 2471 sequitur,
638 2426 681 2456 et
713 2411 890 2473 dignam
926 2422 1044 2473 putat
1078 2410 1233 2456 civitas
1253 2444 1267 2464 ,
1298 2426 1428 2471 quam

143 2479 287 2530 servet
305 2480 396 2529 fibi.
416 2482 512 2545 plus
528 2483 670 2546 itaque
696 2482 778 2530 hac
806 2481 880 2532 via
909 2481 1154 2544 proficitur.
1184 2480 1432 2528 Crudelitas
