<?xml version="1.0" encoding="UTF-8"?>
<!DOCTYPE html PUBLIC "-//W3C//DTD XHTML 1.0 Transitional//EN"
    "http://www.w3.org/TR/xhtml1/DTD/xhtml1-transitional.dtd">
<html xmlns="http://www.w3.org/1999/xhtml" xml:lang="en" lang="en">
 <head>
  <title>
</title>
<meta http-equiv="Content-Type" content="text/html;charset=utf-8" />
  <meta name='ocr-system' content='tesseract 3.04.00' />
  <meta name='ocr-capabilities' content='ocr_page ocr_carea ocr_par ocr_line ocrx_word'/>
</head>
<body>
  <div class='ocr_page' id='page_1' title='image "./lannaeisenecaeph02seneuoft_0017.png"; bbox 0 0 1742 2967; ppageno 0'>
   <div class='ocr_carea' id='block_1_1' title="bbox 328 185 1413 272">
    <p class='ocr_par' dir='ltr' id='par_1_1' title="bbox 328 185 1413 272">
     <span class='ocr_line' id='line_1_1' title="bbox 328 185 1413 272; baseline 0.006 -25"><span class='ocrx_word' id='word_1_1' title='bbox 328 185 431 248; x_wconf 79' lang='lat' dir='ltr'>DE</span> <span class='ocrx_word' id='word_1_2' title='bbox 482 202 950 251; x_wconf 71' lang='lat' dir='ltr'><strong>CLEMENTm</strong></span> <span class='ocrx_word' id='word_1_3' title='bbox 1000 206 1133 252; x_wconf 75' lang='lat' dir='ltr'>ma.</span> <span class='ocrx_word' id='word_1_4' title='bbox 1184 208 1216 254; x_wconf 87' lang='lat'>1.</span> <span class='ocrx_word' id='word_1_5' title='bbox 1381 225 1413 272; x_wconf 70' lang='lat'>9</span> 
     </span>
    </p>
   </div>
   <div class='ocr_carea' id='block_1_2' title="bbox 130 306 1421 1180">
    <p class='ocr_par' dir='ltr' id='par_1_2' title="bbox 130 306 1416 578">
     <span class='ocr_line' id='line_1_2' title="bbox 131 306 1414 367; baseline 0.002 -11"><span class='ocrx_word' id='word_1_6' title='bbox 131 306 403 356; x_wconf 87' lang='lat' dir='ltr'>subfiluimus</span> <span class='ocrx_word' id='word_1_7' title='bbox 419 327 429 355; x_wconf 75' lang='grc' dir='ltr'>ε</span> <span class='ocrx_word' id='word_1_8' title='bbox 447 308 505 356; x_wconf 85' lang='lat' dir='ltr'>fic</span> <span class='ocrx_word' id='word_1_9' title='bbox 525 310 632 357; x_wconf 88' lang='lat' dir='ltr'>haec</span> <span class='ocrx_word' id='word_1_10' title='bbox 657 310 864 357; x_wconf 87' lang='lat' dir='ltr'>immensa</span> <span class='ocrx_word' id='word_1_11' title='bbox 885 311 1120 358; x_wconf 83' lang='lat' dir='ltr'>multitudo</span> <span class='ocrx_word' id='word_1_12' title='bbox 1134 347 1145 367; x_wconf 94' lang='lat'>,</span> <span class='ocrx_word' id='word_1_13' title='bbox 1166 312 1293 358; x_wconf 74' lang='lat' dir='ltr'>unius</span> <span class='ocrx_word' id='word_1_14' title='bbox 1318 314 1414 359; x_wconf 84' lang='lat' dir='ltr'>ani—</span> 
     </span>
     <span class='ocr_line' id='line_1_3' title="bbox 130 382 1413 449; baseline 0.003 -22"><span class='ocrx_word' id='word_1_15' title='bbox 130 398 231 428; x_wconf 85' lang='lat' dir='ltr'>mae</span> <span class='ocrx_word' id='word_1_16' title='bbox 262 382 554 439; x_wconf 88' lang='lat' dir='ltr'>circumdata,</span> <span class='ocrx_word' id='word_1_17' title='bbox 578 382 689 430; x_wconf 89' lang='lat' dir='ltr'>illius</span> <span class='ocrx_word' id='word_1_18' title='bbox 720 383 872 445; x_wconf 83' lang='lat' dir='ltr'>spiritu</span> <span class='ocrx_word' id='word_1_19' title='bbox 897 385 1090 449; x_wconf 82' lang='lat' dir='ltr'>regitur,</span> <span class='ocrx_word' id='word_1_20' title='bbox 1116 385 1226 431; x_wconf 88' lang='lat' dir='ltr'>illius</span> <span class='ocrx_word' id='word_1_21' title='bbox 1244 387 1413 432; x_wconf 80' lang='lat' dir='ltr'>ratione</span> 
     </span>
     <span class='ocr_line' id='line_1_4' title="bbox 131 454 1416 518; baseline 0.004 -18"><span class='ocrx_word' id='word_1_22' title='bbox 131 454 348 513; x_wconf 73' lang='lat' dir='ltr'>fleffltur‚</span> <span class='ocrx_word' id='word_1_23' title='bbox 383 455 575 518; x_wconf 83' lang='lat' dir='ltr'>preffura</span> <span class='ocrx_word' id='word_1_24' title='bbox 607 456 649 503; x_wconf 90' lang='lat' dir='ltr'>se</span> <span class='ocrx_word' id='word_1_25' title='bbox 679 473 730 504; x_wconf 87' lang='lat' dir='ltr'>ac</span> <span class='ocrx_word' id='word_1_26' title='bbox 758 456 945 504; x_wconf 66' lang='lat' dir='ltr'>fraEiura</span> <span class='ocrx_word' id='word_1_27' title='bbox 981 458 1152 506; x_wconf 86' lang='lat' dir='ltr'>viribus</span> <span class='ocrx_word' id='word_1_28' title='bbox 1189 459 1303 518; x_wconf 87' lang='lat' dir='ltr'>suis,</span> <span class='ocrx_word' id='word_1_29' title='bbox 1339 458 1416 505; x_wconf 78' lang='lat' dir='ltr'>nisi</span> 
     </span>
     <span class='ocr_line' id='line_1_5' title="bbox 130 528 629 578; baseline 0.004 -2"><span class='ocrx_word' id='word_1_30' title='bbox 130 528 316 576; x_wconf 79' lang='lat' dir='ltr'>consilio</span> <span class='ocrx_word' id='word_1_31' title='bbox 339 528 629 578; x_wconf 85' lang='lat' dir='ltr'>sustineretur.</span> 
     </span>
    </p>

    <p class='ocr_par' dir='ltr' id='par_1_3' title="bbox 131 603 1421 1180">
     <span class='ocr_line' id='line_1_6' title="bbox 200 603 1419 667; baseline 0.005 -21"><span class='ocrx_word' id='word_1_32' title='bbox 200 603 275 648; x_wconf 90' lang='lat' dir='ltr'>lV.</span> <span class='ocrx_word' id='word_1_33' title='bbox 296 603 426 648; x_wconf 87' lang='lat' dir='ltr'>Suam</span> <span class='ocrx_word' id='word_1_34' title='bbox 448 603 593 666; x_wconf 88' lang='lat' dir='ltr'>itaque</span> <span class='ocrx_word' id='word_1_35' title='bbox 625 603 972 651; x_wconf 83' lang='lat' dir='ltr'>incolumitatem</span> <span class='ocrx_word' id='word_1_36' title='bbox 1000 617 1173 663; x_wconf 88' lang='lat' dir='ltr'>amant,</span> <span class='ocrx_word' id='word_1_37' title='bbox 1201 622 1304 652; x_wconf 90' lang='lat' dir='ltr'>cum</span> <span class='ocrx_word' id='word_1_38' title='bbox 1335 622 1419 667; x_wconf 87' lang='lat' dir='ltr'>pro</span> 
     </span>
     <span class='ocr_line' id='line_1_7' title="bbox 132 675 1418 740; baseline 0.003 -19"><span class='ocrx_word' id='word_1_39' title='bbox 132 691 224 721; x_wconf 87' lang='lat' dir='ltr'>uno</span> <span class='ocrx_word' id='word_1_40' title='bbox 242 675 422 723; x_wconf 89' lang='lat' dir='ltr'>homine</span> <span class='ocrx_word' id='word_1_41' title='bbox 443 677 573 723; x_wconf 86' lang='lat' dir='ltr'>denas</span> <span class='ocrx_word' id='word_1_42' title='bbox 593 676 788 740; x_wconf 81' lang='lat' dir='ltr'><strong>legiones</strong></span> <span class='ocrx_word' id='word_1_43' title='bbox 816 678 861 724; x_wconf 90' lang='lat' dir='ltr'>in</span> <span class='ocrx_word' id='word_1_44' title='bbox 879 678 1016 725; x_wconf 82' lang='lat' dir='ltr'>aciem</span> <span class='ocrx_word' id='word_1_45' title='bbox 1045 680 1268 726; x_wconf 87' lang='lat' dir='ltr'>deducunt</span> <span class='ocrx_word' id='word_1_46' title='bbox 1282 715 1295 737; x_wconf 82' lang='lat'><strong><em>‚</em></strong></span> <span class='ocrx_word' id='word_1_47' title='bbox 1316 696 1418 725; x_wconf 88' lang='lat' dir='ltr'>cum</span> 
     </span>
     <span class='ocr_line' id='line_1_8' title="bbox 132 747 1419 813; baseline 0.004 -20"><span class='ocrx_word' id='word_1_48' title='bbox 132 747 177 794; x_wconf 85' lang='lat' dir='ltr'>in</span> <span class='ocrx_word' id='word_1_49' title='bbox 212 750 350 809; x_wconf 87' lang='lat' dir='ltr'>prima</span> <span class='ocrx_word' id='word_1_50' title='bbox 378 749 524 797; x_wconf 84' lang='lat' dir='ltr'>fr&#39;onte</span> <span class='ocrx_word' id='word_1_51' title='bbox 549 765 818 813; x_wconf 85' lang='lat' dir='ltr'>procurrunt</span> <span class='ocrx_word' id='word_1_52' title='bbox 837 786 849 805; x_wconf 91' lang='lat'><em>,</em></span> <span class='ocrx_word' id='word_1_53' title='bbox 883 763 926 797; x_wconf 89' lang='lat' dir='ltr'>et</span> <span class='ocrx_word' id='word_1_54' title='bbox 955 751 1134 797; x_wconf 81' lang='lat' dir='ltr'>adversa</span> <span class='ocrx_word' id='word_1_55' title='bbox 1162 752 1419 798; x_wconf 77' lang='lat' dir='ltr'>vulneribus</span> 
     </span>
     <span class='ocr_line' id='line_1_9' title="bbox 131 822 1420 887; baseline 0.002 -20"><span class='ocrx_word' id='word_1_56' title='bbox 131 823 307 883; x_wconf 59' lang='lat' dir='ltr'>peelora</span> <span class='ocrx_word' id='word_1_57' title='bbox 332 822 484 870; x_wconf 88' lang='lat' dir='ltr'>ferunt</span> <span class='ocrx_word' id='word_1_58' title='bbox 498 859 514 879; x_wconf 88' lang='grc'><em>,</em></span> <span class='ocrx_word' id='word_1_59' title='bbox 541 841 595 871; x_wconf 86' lang='lat' dir='ltr'>ne</span> <span class='ocrx_word' id='word_1_60' title='bbox 628 824 910 885; x_wconf 72' lang='lat' dir='ltr'>imperatoris</span> <span class='ocrx_word' id='word_1_61' title='bbox 943 824 1007 870; x_wconf 88' lang='lat' dir='ltr'>sui</span> <span class='ocrx_word' id='word_1_62' title='bbox 1041 824 1156 887; x_wconf 78' lang='lat' dir='ltr'>signa</span> <span class='ocrx_word' id='word_1_63' title='bbox 1177 836 1420 870; x_wconf 66' lang='lat' dir='ltr'>vertantur,</span> 
     </span>
     <span class='ocr_line' id='line_1_10' title="bbox 132 892 1420 960; baseline 0.002 -21"><span class='ocrx_word' id='word_1_64' title='bbox 132 892 206 940; x_wconf 78' lang='lat' dir='ltr'>Ille</span> <span class='ocrx_word' id='word_1_65' title='bbox 239 893 302 940; x_wconf 89' lang='lat' dir='ltr'>est</span> <span class='ocrx_word' id='word_1_66' title='bbox 331 895 448 941; x_wconf 86' lang='lat' dir='ltr'>enim</span> <span class='ocrx_word' id='word_1_67' title='bbox 478 896 736 951; x_wconf 81' lang='lat' dir='ltr'>vinculum,</span> <span class='ocrx_word' id='word_1_68' title='bbox 770 913 845 958; x_wconf 85' lang='lat' dir='ltr'>per</span> <span class='ocrx_word' id='word_1_69' title='bbox 885 898 1008 959; x_wconf 89' lang='lat' dir='ltr'>quod</span> <span class='ocrx_word' id='word_1_70' title='bbox 1045 897 1307 960; x_wconf 76' lang='lat' dir='ltr'>Respublica</span> <span class='ocrx_word' id='word_1_71' title='bbox 1339 912 1420 943; x_wconf 90' lang='lat' dir='ltr'>co-</span> 
     </span>
     <span class='ocr_line' id='line_1_11' title="bbox 133 965 1421 1033; baseline 0.004 -22"><span class='ocrx_word' id='word_1_72' title='bbox 133 965 305 1014; x_wconf 80' lang='lat' dir='ltr'><strong>haeret:</strong></span> <span class='ocrx_word' id='word_1_73' title='bbox 327 969 395 1015; x_wconf 87' lang='lat' dir='ltr'>ille</span> <span class='ocrx_word' id='word_1_74' title='bbox 415 969 587 1032; x_wconf 86' lang='lat' dir='ltr'>spiritus</span> <span class='ocrx_word' id='word_1_75' title='bbox 607 969 772 1026; x_wconf 80' lang='lat' dir='ltr'>vitalis,</span> <span class='ocrx_word' id='word_1_76' title='bbox 800 986 933 1033; x_wconf 84' lang='lat' dir='ltr'>quem</span> <span class='ocrx_word' id='word_1_77' title='bbox 959 971 1064 1019; x_wconf 85' lang='lat' dir='ltr'>haec</span> <span class='ocrx_word' id='word_1_78' title='bbox 1087 984 1156 1018; x_wconf 82' lang='lat' dir='ltr'>tot</span> <span class='ocrx_word' id='word_1_79' title='bbox 1181 971 1314 1016; x_wconf 86' lang='lat' dir='ltr'>millia</span> <span class='ocrx_word' id='word_1_80' title='bbox 1333 984 1421 1016; x_wconf 86' lang='lat' dir='ltr'>tra-</span> 
     </span>
     <span class='ocr_line' id='line_1_12' title="bbox 132 1041 1421 1109; baseline 0.002 -21"><span class='ocrx_word' id='word_1_81' title='bbox 132 1041 263 1101; x_wconf 77' lang='lat' dir='ltr'>hunt,</span> <span class='ocrx_word' id='word_1_82' title='bbox 290 1044 395 1090; x_wconf 84' lang='lat' dir='ltr'>nihil</span> <span class='ocrx_word' id='word_1_83' title='bbox 415 1044 505 1107; x_wconf 80' lang='lat' dir='ltr'>ipsa</span> <span class='ocrx_word' id='word_1_84' title='bbox 531 1063 611 1105; x_wconf 86' lang='lat' dir='ltr'>per</span> <span class='ocrx_word' id='word_1_85' title='bbox 632 1045 672 1091; x_wconf 92' lang='lat' dir='ltr'>se</span> <span class='ocrx_word' id='word_1_86' title='bbox 699 1044 865 1105; x_wconf 84' lang='lat' dir='ltr'>futura,</span> <span class='ocrx_word' id='word_1_87' title='bbox 897 1045 974 1093; x_wconf 74' lang='lat' dir='ltr'>nisi</span> <span class='ocrx_word' id='word_1_88' title='bbox 992 1063 1106 1094; x_wconf 88' lang='lat' dir='ltr'>onus</span> <span class='ocrx_word' id='word_1_89' title='bbox 1122 1059 1165 1094; x_wconf 88' lang='lat' dir='ltr'>et</span> <span class='ocrx_word' id='word_1_90' title='bbox 1184 1046 1344 1109; x_wconf 84' lang='lat' dir='ltr'>praeda</span> <span class='ocrx_word' id='word_1_91' title='bbox 1358 1081 1373 1102; x_wconf 90' lang='lat'>‚</span> <span class='ocrx_word' id='word_1_92' title='bbox 1390 1045 1421 1091; x_wconf 81' lang='lat' dir='ltr'>fi</span> 
     </span>
     <span class='ocr_line' id='line_1_13' title="bbox 135 1116 851 1180; baseline 0.004 -19"><span class='ocrx_word' id='word_1_93' title='bbox 135 1132 259 1162; x_wconf 81' lang='lat' dir='ltr'>mens</span> <span class='ocrx_word' id='word_1_94' title='bbox 278 1116 348 1162; x_wconf 73' lang='lat' dir='ltr'>illa</span> <span class='ocrx_word' id='word_1_95' title='bbox 368 1116 544 1180; x_wconf 84' lang='lat' dir='ltr'>imperii</span> <span class='ocrx_word' id='word_1_96' title='bbox 562 1117 851 1164; x_wconf 84' lang='lat' dir='ltr'>subtrahatur.</span> 
     </span>
    </p>
   </div>
   <div class='ocr_carea' id='block_1_3' title="bbox 383 1228 1222 1289">
    <p class='ocr_par' dir='ltr' id='par_1_4' title="bbox 383 1228 1222 1289">
     <span class='ocr_line' id='line_1_14' title="bbox 383 1228 1222 1289; baseline 0.002 -18"><span class='ocrx_word' id='word_1_97' title='bbox 383 1228 491 1289; x_wconf 78' lang='lat' dir='ltr'>Rege</span> <span class='ocrx_word' id='word_1_98' title='bbox 515 1228 716 1272; x_wconf 81' lang='lat' dir='ltr'>incolumi</span> <span class='ocrx_word' id='word_1_99' title='bbox 747 1246 863 1274; x_wconf 81' lang='lat' dir='ltr'>mens</span> <span class='ocrx_word' id='word_1_100' title='bbox 882 1231 1074 1275; x_wconf 74' lang='lat' dir='ltr'>omnibus</span> <span class='ocrx_word' id='word_1_101' title='bbox 1097 1247 1186 1274; x_wconf 78' lang='lat' dir='ltr'>una</span> <span class='ocrx_word' id='word_1_102' title='bbox 1204 1245 1222 1273; x_wconf 82' lang='grc'>.·</span> 
     </span>
    </p>
   </div>
   <div class='ocr_carea' id='block_1_4' title="bbox 265 1297 751 1361">
    <p class='ocr_par' dir='ltr' id='par_1_5' title="bbox 265 1297 751 1361">
     <span class='ocr_line' id='line_1_15' title="bbox 265 1297 751 1361; baseline -0.002 -17"><span class='ocrx_word' id='word_1_103' title='bbox 265 1302 313 1344; x_wconf 87' lang='lat' dir='ltr'><em>A</em></span> <span class='ocrx_word' id='word_1_104' title='bbox 317 1297 434 1361; x_wconf 77' lang='lat' dir='ltr'>miffi)</span> <span class='ocrx_word' id='word_1_105' title='bbox 459 1316 590 1359; x_wconf 79' lang='lat' dir='ltr'>rupere</span> <span class='ocrx_word' id='word_1_106' title='bbox 607 1299 751 1357; x_wconf 81' lang='lat' dir='ltr'><em>fidem.</em></span> 
     </span>
    </p>
   </div>
   <div class='ocr_carea' id='block_1_5' title="bbox 198 1256 360 1265">
    <p class='ocr_par' dir='ltr' id='par_1_6' title="bbox 198 1256 360 1265">
     <span class='ocr_line' id='line_1_16' title="bbox 198 1256 360 1265; baseline 0 1702"><span class='ocrx_word' id='word_1_107' title='bbox 198 1256 360 1265; x_wconf 95' lang='lat' dir='ltr'> </span> 
     </span>
    </p>
   </div>
   <div class='ocr_carea' id='block_1_6' title="bbox 769 1330 931 1340">
    <p class='ocr_par' dir='ltr' id='par_1_7' title="bbox 769 1330 931 1340">
     <span class='ocr_line' id='line_1_17' title="bbox 769 1330 931 1340; baseline 0 0"><span class='ocrx_word' id='word_1_108' title='bbox 769 1330 931 1340; x_wconf 95' lang='lat' dir='ltr'> </span> 
     </span>
    </p>
   </div>
   <div class='ocr_carea' id='block_1_7' title="bbox 117 1405 1424 2568">
    <p class='ocr_par' dir='ltr' id='par_1_8' title="bbox 117 1405 1424 2494">
     <span class='ocr_line' id='line_1_18' title="bbox 133 1405 1424 1469; baseline 0.005 -18"><span class='ocrx_word' id='word_1_109' title='bbox 133 1405 220 1453; x_wconf 86' lang='lat' dir='ltr'>Hic</span> <span class='ocrx_word' id='word_1_110' title='bbox 245 1406 363 1453; x_wconf 84' lang='lat' dir='ltr'>casus</span> <span class='ocrx_word' id='word_1_111' title='bbox 384 1408 610 1453; x_wconf 82' lang='lat' dir='ltr'>Romanae</span> <span class='ocrx_word' id='word_1_112' title='bbox 629 1406 746 1469; x_wconf 84' lang='lat' dir='ltr'>pacis</span> <span class='ocrx_word' id='word_1_113' title='bbox 765 1406 945 1453; x_wconf 86' lang='lat' dir='ltr'>exitium</span> <span class='ocrx_word' id='word_1_114' title='bbox 965 1405 1048 1453; x_wconf 89' lang='lat' dir='ltr'>erit</span> <span class='ocrx_word' id='word_1_115' title='bbox 1061 1442 1076 1463; x_wconf 91' lang='lat'>‚</span> <span class='ocrx_word' id='word_1_116' title='bbox 1107 1405 1179 1454; x_wconf 88' lang='lat' dir='ltr'>hic</span> <span class='ocrx_word' id='word_1_117' title='bbox 1197 1407 1303 1455; x_wconf 87' lang='lat' dir='ltr'>tanti</span> <span class='ocrx_word' id='word_1_118' title='bbox 1323 1408 1424 1457; x_wconf 89' lang='lat' dir='ltr'><strong>for-</strong></span> 
     </span>
     <span class='ocr_line' id='line_1_19' title="bbox 134 1480 1420 1545; baseline 0.004 -18"><span class='ocrx_word' id='word_1_119' title='bbox 134 1496 284 1527; x_wconf 81' lang='lat' dir='ltr'><strong>tunam</strong></span> <span class='ocrx_word' id='word_1_120' title='bbox 305 1480 459 1542; x_wconf 79' lang='lat' dir='ltr'>populi</span> <span class='ocrx_word' id='word_1_121' title='bbox 480 1480 525 1526; x_wconf 90' lang='lat' dir='ltr'>in</span> <span class='ocrx_word' id='word_1_122' title='bbox 546 1480 691 1526; x_wconf 84' lang='lat' dir='ltr'>ruinas</span> <span class='ocrx_word' id='word_1_123' title='bbox 709 1493 816 1543; x_wconf 85' lang='lat' dir='ltr'>ager.</span> <span class='ocrx_word' id='word_1_124' title='bbox 847 1480 1042 1528; x_wconf 81' lang='lat' dir='ltr'><strong>Tamdiu</strong></span> <span class='ocrx_word' id='word_1_125' title='bbox 1066 1480 1120 1526; x_wconf 82' lang='lat' dir='ltr'>ab</span> <span class='ocrx_word' id='word_1_126' title='bbox 1138 1480 1220 1528; x_wconf 89' lang='lat' dir='ltr'>isto</span> <span class='ocrx_word' id='word_1_127' title='bbox 1243 1485 1420 1545; x_wconf 88' lang='lat' dir='ltr'>pericu-</span> 
     </span>
     <span class='ocr_line' id='line_1_20' title="bbox 133 1552 1422 1615; baseline 0.003 -16"><span class='ocrx_word' id='word_1_128' title='bbox 133 1554 179 1599; x_wconf 84' lang='lat' dir='ltr'>lo</span> <span class='ocrx_word' id='word_1_129' title='bbox 211 1553 346 1598; x_wconf 82' lang='lat' dir='ltr'>aberit</span> <span class='ocrx_word' id='word_1_130' title='bbox 364 1552 446 1598; x_wconf 64' lang='lat' dir='ltr'>vbic</span> <span class='ocrx_word' id='word_1_131' title='bbox 467 1553 684 1615; x_wconf 81' lang='lat' dir='ltr'>populus,</span> <span class='ocrx_word' id='word_1_132' title='bbox 712 1552 927 1615; x_wconf 83' lang='lat' dir='ltr'>quamdiu</span> <span class='ocrx_word' id='word_1_133' title='bbox 955 1553 1058 1600; x_wconf 80' lang='lat' dir='ltr'>sciet</span> <span class='ocrx_word' id='word_1_134' title='bbox 1082 1552 1197 1600; x_wconf 78' lang='lat' dir='ltr'>ferre</span> <span class='ocrx_word' id='word_1_135' title='bbox 1216 1552 1422 1603; x_wconf 78' lang='lat' dir='ltr'>fraenos:</span> 
     </span>
     <span class='ocr_line' id='line_1_21' title="bbox 133 1627 1423 1692; baseline 0.003 -18"><span class='ocrx_word' id='word_1_136' title='bbox 133 1645 248 1692; x_wconf 81' lang='lat' dir='ltr'>quos</span> <span class='ocrx_word' id='word_1_137' title='bbox 269 1627 298 1673; x_wconf 81' lang='lat' dir='ltr'>si</span> <span class='ocrx_word' id='word_1_138' title='bbox 328 1628 507 1690; x_wconf 82' lang='lat' dir='ltr'>quando</span> <span class='ocrx_word' id='word_1_139' title='bbox 528 1628 752 1689; x_wconf 77' lang='lat' dir='ltr'>abruperit</span> <span class='ocrx_word' id='word_1_140' title='bbox 768 1663 781 1684; x_wconf 90' lang='lat'>,</span> <span class='ocrx_word' id='word_1_141' title='bbox 811 1628 885 1674; x_wconf 84' lang='lat' dir='ltr'>vel</span> <span class='ocrx_word' id='word_1_142' title='bbox 911 1627 1062 1690; x_wconf 85' lang='lat' dir='ltr'>aliquo</span> <span class='ocrx_word' id='word_1_143' title='bbox 1093 1629 1189 1674; x_wconf 82' lang='lat' dir='ltr'>casu</span> <span class='ocrx_word' id='word_1_144' title='bbox 1212 1629 1423 1677; x_wconf 70' lang='lat' dir='ltr'>discussos</span> 
     </span>
     <span class='ocr_line' id='line_1_22' title="bbox 134 1700 1421 1763; baseline 0.003 -15"><span class='ocrx_word' id='word_1_145' title='bbox 134 1703 293 1763; x_wconf 81' lang='lat' dir='ltr'>reponi</span> <span class='ocrx_word' id='word_1_146' title='bbox 320 1700 396 1747; x_wconf 81' lang='lat' dir='ltr'>sibi</span> <span class='ocrx_word' id='word_1_147' title='bbox 425 1700 564 1763; x_wconf 71' lang='lat' dir='ltr'>passus</span> <span class='ocrx_word' id='word_1_148' title='bbox 586 1718 677 1747; x_wconf 87' lang='lat' dir='ltr'>non</span> <span class='ocrx_word' id='word_1_149' title='bbox 700 1701 781 1746; x_wconf 84' lang='lat' dir='ltr'>erit</span> <span class='ocrx_word' id='word_1_150' title='bbox 796 1737 808 1756; x_wconf 80' lang='lat'><em>‚</em></span> <span class='ocrx_word' id='word_1_151' title='bbox 835 1701 942 1748; x_wconf 83' lang='lat' dir='ltr'>haec</span> <span class='ocrx_word' id='word_1_152' title='bbox 959 1702 1103 1748; x_wconf 86' lang='lat' dir='ltr'>unitas</span> <span class='ocrx_word' id='word_1_153' title='bbox 1122 1714 1164 1748; x_wconf 85' lang='lat' dir='ltr'>et</span> <span class='ocrx_word' id='word_1_154' title='bbox 1187 1704 1258 1750; x_wconf 88' lang='lat' dir='ltr'>hic</span> <span class='ocrx_word' id='word_1_155' title='bbox 1276 1706 1421 1752; x_wconf 81' lang='lat' dir='ltr'>maxi-</span> 
     </span>
     <span class='ocr_line' id='line_1_23' title="bbox 135 1773 1422 1837; baseline 0.002 -17"><span class='ocrx_word' id='word_1_156' title='bbox 135 1774 198 1820; x_wconf 88' lang='lat' dir='ltr'>mi</span> <span class='ocrx_word' id='word_1_157' title='bbox 214 1774 387 1835; x_wconf 85' lang='lat' dir='ltr'>imperii</span> <span class='ocrx_word' id='word_1_158' title='bbox 410 1787 643 1819; x_wconf 69' lang='lat' dir='ltr'>contextus</span> <span class='ocrx_word' id='word_1_159' title='bbox 670 1775 713 1818; x_wconf 84' lang='lat' dir='ltr'>in</span> <span class='ocrx_word' id='word_1_160' title='bbox 735 1785 874 1834; x_wconf 77' lang='lat' dir='ltr'>partes</span> <span class='ocrx_word' id='word_1_161' title='bbox 893 1774 1048 1819; x_wconf 84' lang='lat' dir='ltr'>multas</span> <span class='ocrx_word' id='word_1_162' title='bbox 1066 1773 1260 1821; x_wconf 84' lang='lat' dir='ltr'>diffiliet:</span> <span class='ocrx_word' id='word_1_163' title='bbox 1281 1776 1422 1837; x_wconf 86' lang='lat' dir='ltr'>idem-</span> 
     </span>
     <span class='ocr_line' id='line_1_24' title="bbox 134 1846 1420 1910; baseline 0.003 -17"><span class='ocrx_word' id='word_1_164' title='bbox 134 1863 221 1910; x_wconf 88' lang='lat' dir='ltr'>que</span> <span class='ocrx_word' id='word_1_165' title='bbox 244 1847 345 1893; x_wconf 88' lang='lat' dir='ltr'>huic</span> <span class='ocrx_word' id='word_1_166' title='bbox 373 1846 472 1892; x_wconf 86' lang='lat' dir='ltr'>urbi</span> <span class='ocrx_word' id='word_1_167' title='bbox 498 1847 756 1892; x_wconf 82' lang='lat' dir='ltr'>dominandi</span> <span class='ocrx_word' id='word_1_168' title='bbox 776 1846 875 1893; x_wconf 84' lang='lat' dir='ltr'>finis</span> <span class='ocrx_word' id='word_1_169' title='bbox 894 1848 1001 1903; x_wconf 62' lang='lat' dir='ltr'>eric,</span> <span class='ocrx_word' id='word_1_170' title='bbox 1022 1847 1097 1909; x_wconf 89' lang='lat' dir='ltr'>qui</span> <span class='ocrx_word' id='word_1_171' title='bbox 1119 1849 1298 1909; x_wconf 77' lang='lat' dir='ltr'>parendi</span> <span class='ocrx_word' id='word_1_172' title='bbox 1319 1849 1420 1897; x_wconf 49' lang='lat' dir='ltr'>sue*</span> 
     </span>
     <span class='ocr_line' id='line_1_25' title="bbox 117 1919 1419 1984; baseline 0.002 -17"><span class='ocrx_word' id='word_1_173' title='bbox 117 1921 205 1967; x_wconf 71' lang='lat' dir='ltr'>‘rit.</span> <span class='ocrx_word' id='word_1_174' title='bbox 233 1921 338 1966; x_wconf 86' lang='lat' dir='ltr'>Ideo</span> <span class='ocrx_word' id='word_1_175' title='bbox 359 1919 583 1982; x_wconf 82' lang='lat' dir='ltr'>Principes</span> <span class='ocrx_word' id='word_1_176' title='bbox 602 1936 832 1982; x_wconf 82' lang='lat' dir='ltr'>regesque,</span> <span class='ocrx_word' id='word_1_177' title='bbox 866 1932 909 1965; x_wconf 90' lang='lat' dir='ltr'>et</span> <span class='ocrx_word' id='word_1_178' title='bbox 938 1936 1207 1984; x_wconf 87' lang='lat' dir='ltr'>quocunque</span> <span class='ocrx_word' id='word_1_179' title='bbox 1227 1922 1313 1968; x_wconf 91' lang='lat' dir='ltr'>alio</span> <span class='ocrx_word' id='word_1_180' title='bbox 1331 1940 1419 1969; x_wconf 91' lang='lat' dir='ltr'>no-</span> 
     </span>
     <span class='ocr_line' id='line_1_26' title="bbox 136 1991 1418 2055; baseline 0.002 -16"><span class='ocrx_word' id='word_1_181' title='bbox 136 1992 254 2043; x_wconf 82' lang='lat' dir='ltr'>mine</span> <span class='ocrx_word' id='word_1_182' title='bbox 269 1992 364 2038; x_wconf 87' lang='lat' dir='ltr'>sunt</span> <span class='ocrx_word' id='word_1_183' title='bbox 382 2004 553 2038; x_wconf 85' lang='lat' dir='ltr'>tutores</span> <span class='ocrx_word' id='word_1_184' title='bbox 572 1991 701 2039; x_wconf 87' lang='lat' dir='ltr'>status</span> <span class='ocrx_word' id='word_1_185' title='bbox 715 1993 906 2055; x_wconf 83' lang='lat' dir='ltr'>publici,</span> <span class='ocrx_word' id='word_1_186' title='bbox 926 2010 1017 2038; x_wconf 89' lang='lat' dir='ltr'>non</span> <span class='ocrx_word' id='word_1_187' title='bbox 1035 1993 1095 2040; x_wconf 92' lang='lat' dir='ltr'>est</span> <span class='ocrx_word' id='word_1_188' title='bbox 1111 1994 1270 2041; x_wconf 84' lang='lat' dir='ltr'>mirum</span> <span class='ocrx_word' id='word_1_189' title='bbox 1284 1996 1418 2043; x_wconf 85' lang='lat' dir='ltr'>amari</span> 
     </span>
     <span class='ocr_line' id='line_1_27' title="bbox 134 2064 1417 2126; baseline 0.004 -14"><span class='ocrx_word' id='word_1_190' title='bbox 134 2064 245 2113; x_wconf 83' lang='lat' dir='ltr'>ultra</span> <span class='ocrx_word' id='word_1_191' title='bbox 264 2065 458 2126; x_wconf 83' lang='lat' dir='ltr'>privatas</span> <span class='ocrx_word' id='word_1_192' title='bbox 477 2064 606 2111; x_wconf 86' lang='lat' dir='ltr'>etiam</span> <span class='ocrx_word' id='word_1_193' title='bbox 627 2065 968 2112; x_wconf 83' lang='lat' dir='ltr'>neceffitudines.</span> <span class='ocrx_word' id='word_1_194' title='bbox 1001 2068 1112 2113; x_wconf 87' lang='lat' dir='ltr'>Nam</span> <span class='ocrx_word' id='word_1_195' title='bbox 1140 2066 1171 2113; x_wconf 81' lang='lat' dir='ltr'>fi</span> <span class='ocrx_word' id='word_1_196' title='bbox 1201 2067 1308 2114; x_wconf 77' lang='lat' dir='ltr'>sanis</span> <span class='ocrx_word' id='word_1_197' title='bbox 1334 2070 1417 2117; x_wconf 87' lang='lat' dir='ltr'>ho-</span> 
     </span>
     <span class='ocr_line' id='line_1_28' title="bbox 133 2136 1416 2205; baseline 0.006 -23"><span class='ocrx_word' id='word_1_198' title='bbox 133 2137 324 2183; x_wconf 86' lang='lat' dir='ltr'>minibus</span> <span class='ocrx_word' id='word_1_199' title='bbox 352 2136 526 2199; x_wconf 82' lang='lat' dir='ltr'>publica</span> <span class='ocrx_word' id='word_1_200' title='bbox 555 2138 734 2200; x_wconf 80' lang='lat' dir='ltr'>privatis</span> <span class='ocrx_word' id='word_1_201' title='bbox 765 2139 940 2201; x_wconf 82' lang='lat' dir='ltr'>potiora</span> <span class='ocrx_word' id='word_1_202' title='bbox 965 2139 1090 2186; x_wconf 88' lang='lat' dir='ltr'>sunt:</span> <span class='ocrx_word' id='word_1_203' title='bbox 1114 2141 1336 2205; x_wconf 86' lang='lat' dir='ltr'>sequitur,</span> <span class='ocrx_word' id='word_1_204' title='bbox 1368 2157 1416 2191; x_wconf 89' lang='lat' dir='ltr'>ut</span> 
     </span>
     <span class='ocr_line' id='line_1_29' title="bbox 131 2209 1416 2276; baseline 0.005 -20"><span class='ocrx_word' id='word_1_205' title='bbox 131 2209 169 2257; x_wconf 87' lang='lat' dir='ltr'>is</span> <span class='ocrx_word' id='word_1_206' title='bbox 195 2226 374 2273; x_wconf 86' lang='lat' dir='ltr'>quoque</span> <span class='ocrx_word' id='word_1_207' title='bbox 394 2212 539 2257; x_wconf 83' lang='lat' dir='ltr'>carior</span> <span class='ocrx_word' id='word_1_208' title='bbox 553 2212 625 2269; x_wconf 78' lang='lat' dir='ltr'>fit,</span> <span class='ocrx_word' id='word_1_209' title='bbox 653 2213 699 2258; x_wconf 88' lang='lat' dir='ltr'>in</span> <span class='ocrx_word' id='word_1_210' title='bbox 727 2229 859 2275; x_wconf 89' lang='lat' dir='ltr'>quem</span> <span class='ocrx_word' id='word_1_211' title='bbox 887 2213 928 2258; x_wconf 87' lang='lat' dir='ltr'>se</span> <span class='ocrx_word' id='word_1_212' title='bbox 947 2214 1205 2276; x_wconf 80' lang='lat' dir='ltr'>Respublica</span> <span class='ocrx_word' id='word_1_213' title='bbox 1224 2232 1416 2263; x_wconf 77' lang='lat' dir='ltr'>conver-</span> 
     </span>
     <span class='ocr_line' id='line_1_30' title="bbox 131 2282 1415 2348; baseline 0.004 -18"><span class='ocrx_word' id='word_1_214' title='bbox 131 2284 199 2330; x_wconf 82' lang='lat' dir='ltr'>tit.</span> <span class='ocrx_word' id='word_1_215' title='bbox 227 2282 348 2348; x_wconf 76' lang='lat' dir='ltr'>Qlim</span> <span class='ocrx_word' id='word_1_216' title='bbox 382 2284 496 2329; x_wconf 87' lang='lat' dir='ltr'>enim</span> <span class='ocrx_word' id='word_1_217' title='bbox 522 2284 579 2329; x_wconf 83' lang='lat' dir='ltr'>ita</span> <span class='ocrx_word' id='word_1_218' title='bbox 608 2284 647 2330; x_wconf 88' lang='lat' dir='ltr'>se</span> <span class='ocrx_word' id='word_1_219' title='bbox 680 2284 821 2330; x_wconf 78' lang='lat' dir='ltr'>induit</span> <span class='ocrx_word' id='word_1_220' title='bbox 841 2285 1126 2348; x_wconf 82' lang='lat' dir='ltr'>Reipublicae</span> <span class='ocrx_word' id='word_1_221' title='bbox 1147 2288 1305 2334; x_wconf 84' lang='lat' dir='ltr'>Caesar</span> <span class='ocrx_word' id='word_1_222' title='bbox 1324 2324 1337 2345; x_wconf 91' lang='lat'>‚</span> <span class='ocrx_word' id='word_1_223' title='bbox 1368 2302 1415 2335; x_wconf 85' lang='lat' dir='ltr'>ut</span> 
     </span>
     <span class='ocr_line' id='line_1_31' title="bbox 129 2355 1415 2421; baseline 0.005 -19"><span class='ocrx_word' id='word_1_224' title='bbox 129 2355 274 2402; x_wconf 81' lang='lat' dir='ltr'>seduci</span> <span class='ocrx_word' id='word_1_225' title='bbox 313 2355 494 2402; x_wconf 86' lang='lat' dir='ltr'>alterum</span> <span class='ocrx_word' id='word_1_226' title='bbox 533 2374 623 2403; x_wconf 87' lang='lat' dir='ltr'>non</span> <span class='ocrx_word' id='word_1_227' title='bbox 658 2356 787 2419; x_wconf 84' lang='lat' dir='ltr'>poffit</span> <span class='ocrx_word' id='word_1_228' title='bbox 823 2357 911 2404; x_wconf 77' lang='lat' dir='ltr'>fine</span> <span class='ocrx_word' id='word_1_229' title='bbox 943 2357 1172 2421; x_wconf 81' lang='lat' dir='ltr'>utriusque</span> <span class='ocrx_word' id='word_1_230' title='bbox 1207 2359 1415 2421; x_wconf 83' lang='lat' dir='ltr'>pernicie,</span> 
     </span>
     <span class='ocr_line' id='line_1_32' title="bbox 128 2428 1270 2494; baseline 0.004 -19"><span class='ocrx_word' id='word_1_231' title='bbox 128 2444 229 2476; x_wconf 77' lang='lat' dir='ltr'>nam</span> <span class='ocrx_word' id='word_1_232' title='bbox 254 2441 299 2474; x_wconf 91' lang='lat' dir='ltr'>ut</span> <span class='ocrx_word' id='word_1_233' title='bbox 327 2428 388 2474; x_wconf 78' lang='lat' dir='ltr'>illi</span> <span class='ocrx_word' id='word_1_234' title='bbox 415 2429 582 2476; x_wconf 86' lang='lat' dir='ltr'>viribus</span> <span class='ocrx_word' id='word_1_235' title='bbox 610 2446 722 2492; x_wconf 87' lang='lat' dir='ltr'>opus</span> <span class='ocrx_word' id='word_1_236' title='bbox 744 2428 828 2487; x_wconf 86' lang='lat' dir='ltr'>est,</span> <span class='ocrx_word' id='word_1_237' title='bbox 854 2430 912 2476; x_wconf 87' lang='lat' dir='ltr'>ita</span> <span class='ocrx_word' id='word_1_238' title='bbox 932 2445 974 2477; x_wconf 87' lang='lat' dir='ltr'>et</span> <span class='ocrx_word' id='word_1_239' title='bbox 994 2430 1092 2478; x_wconf 85' lang='lat' dir='ltr'>huic</span> <span class='ocrx_word' id='word_1_240' title='bbox 1114 2431 1270 2494; x_wconf 61' lang='lat' dir='ltr'>capite,</span> 
     </span>
    </p>

    <p class='ocr_par' dir='ltr' id='par_1_9' title="bbox 191 2502 1409 2568">
     <span class='ocr_line' id='line_1_33' title="bbox 191 2502 1409 2568; baseline 0.002 -19"><span class='ocrx_word' id='word_1_241' title='bbox 191 2504 247 2549; x_wconf 91' lang='lat' dir='ltr'>V.</span> <span class='ocrx_word' id='word_1_242' title='bbox 274 2502 468 2567; x_wconf 75' lang='lat' dir='ltr'>Longius</span> <span class='ocrx_word' id='word_1_243' title='bbox 496 2503 671 2551; x_wconf 72' lang='lat' dir='ltr'>videtui·</span> <span class='ocrx_word' id='word_1_244' title='bbox 702 2502 915 2552; x_wconf 78' lang='lat' dir='ltr'>reeeffiffe</span> <span class='ocrx_word' id='word_1_245' title='bbox 944 2521 968 2550; x_wconf 85' lang='lat' dir='ltr'>a</span> <span class='ocrx_word' id='word_1_246' title='bbox 998 2503 1229 2568; x_wconf 79' lang='lat' dir='ltr'>proposito</span> <span class='ocrx_word' id='word_1_247' title='bbox 1259 2506 1409 2552; x_wconf 81' lang='lat' dir='ltr'>oratio</span> 
     </span>
    </p>
   </div>
  </div>
 </body>
</html>
