1742 2967
279 162 370 224 184
512 164 562 213 L.
612 163 909 211 ΑΝΝΑΕΙ
961 163 1315 212 SENECAE

270 283 499 335 occurrat:
519 270 662 318 multo
689 270 903 319 tardiores
927 270 1098 319 futuros
1122 272 1176 318 ad
1196 271 1445 335 accipienda
1468 273 1549 323 be-

271 343 462 404 neficia,
481 344 511 391 si
532 343 773 407 periculum
806 345 954 392 causae
976 345 1184 393 dicendae
1211 347 1366 399 adituri
1387 358 1515 394 erunt
1531 382 1547 406 ,

272 431 318 466 et
334 417 633 466 innocentiam
650 416 905 464 sollicitiore
926 417 1112 464 habituri
1131 419 1250 466 loco.
1270 419 1459 477 Deinde,
1471 421 1550 467 eri-

270 507 369 539 mus
396 507 475 553 per
500 490 587 537 hoc
613 489 691 552 ipfi
719 506 896 552 quoque
919 490 971 535 ad
998 489 1137 537 danda
1165 491 1388 539 tardiores.
1413 508 1550 539 nemo

270 564 387 612 enim
409 564 591 610 libenter
610 563 681 609 dat
705 562 886 610 invitis:
915 561 987 609 sed
1014 562 1266 626 quicunque
1290 564 1344 610 ad
1372 563 1547 610 benefa-

272 637 476 685 ciendum
496 635 692 683 bonitate
718 634 929 683 invitatus
952 633 1034 691 est,
1057 645 1100 681 et
1121 634 1208 696 ipsa
1229 636 1550 698 pulchritudine

271 709 364 764 rei,
388 708 517 756 etiam
548 707 748 756 libentius
775 708 920 764 dabit,
950 707 1059 754 nihil
1088 708 1296 755 debituris
1326 708 1401 754 nifi
1426 709 1550 770 quod

270 783 435 831 volent.
455 780 671 827 Minuitur
687 779 803 827 enim
823 779 960 845 gloria
977 780 1069 827 eius
1092 779 1226 827 officii
1243 812 1257 837 ,
1278 780 1349 829 cui
1367 780 1551 846 diligen-
1609 842 1611 845 Ι

270 870 337 918 ter
357 867 531 903 cautum
553 854 626 901 est.

335 929 462 976 XIV.
483 928 688 987 Deinde,
716 927 927 992 pauciora
956 938 1083 974 erunt
1109 925 1346 984 beneficia,
1371 926 1445 974 sed
1473 942 1552 974 ve-

272 1000 405 1051 riora.
425 1002 531 1065 quid
550 1018 694 1049 autern
718 1002 818 1048 mali
843 1000 930 1058 est,
949 1000 1134 1046 inhiberi
1157 997 1472 1047 beneficiorum
1489 1011 1553 1046 te-

272 1076 546 1124 meritatem?
573 1076 674 1122 Hoc
695 1074 813 1122 enim
842 1073 982 1138 ipsum
1002 1072 1134 1121 secuti
1154 1073 1275 1131 sunt,
1299 1070 1375 1136 qui
1393 1071 1553 1119 nullam

271 1148 411 1212 legem
440 1149 543 1197 huic
575 1149 895 1197 constituerunt
921 1165 932 1194 :
959 1159 1006 1194 ut
1031 1145 1554 1209 circumspessiussdona-

272 1238 417 1270 remus
432 1258 446 1279 ‚
474 1220 832 1284 circumspefflus
853 1218 1108 1283 eligeremus
1131 1233 1208 1265 eos
1222 1253 1236 1276 ‚
1255 1217 1301 1264 in
1324 1232 1436 1280 quos
1457 1233 1556 1263 me-

271 1294 352 1342 rita
371 1293 694 1341 conferrentur.
714 1292 855 1339 Etiam
887 1304 1016 1356 atque
1037 1290 1165 1337 etiam
1184 1290 1254 1338 cui
1274 1290 1349 1338 des
1363 1326 1378 1348 ,
1411 1290 1555 1337 confi-

271 1368 376 1416 dera
395 1385 405 1413 ε
426 1367 539 1413 nulla
560 1366 672 1413 actio
693 1365 800 1420 erit,
821 1364 935 1411 nulla
958 1363 1174 1427 repetitiO.
1200 1365 1352 1421 Erras,
1368 1361 1399 1408 fi
1417 1361 1555 1410 existi-

272 1456 363 1488 mas
388 1437 691 1487 succursurum
717 1437 796 1484 tibi
823 1434 1027 1483 iudicem.
1059 1434 1190 1481 Nulla
1212 1435 1282 1481 lex
1309 1449 1352 1482 te
1372 1433 1417 1480 in
1441 1433 1556 1481 inte-

272 1530 400 1577 grum
424 1511 648 1559 restituet:
679 1510 814 1560 solam
841 1508 1092 1573 accipientis
1117 1506 1247 1555 fidem
1271 1508 1423 1571 spefiia.
1452 1508 1556 1556 Hoc

273 1587 416 1634 modo
434 1584 648 1633 beneficia
670 1584 967 1632 auetoritatem
988 1583 1104 1631 suam
1126 1593 1300 1640 tenent,
1329 1595 1371 1629 et
1388 1579 1556 1644 magni-

273 1658 355 1707 fica
375 1661 469 1706 sunt
489 1678 501 1707 :
523 1659 691 1722 pollues
709 1659 776 1706 illa
792 1691 806 1714 ‚
835 1658 864 1705 fi
885 1656 1108 1704 materiam
1128 1656 1267 1702 litium
1287 1654 1450 1701 seceris.
1472 1657 1556 1700 Ae·

274 1732 476 1796 quiffima
497 1748 590 1778 vox
609 1730 697 1788 est,
718 1746 761 1778 et
779 1731 846 1778 ius
866 1729 1060 1793 gentium
1080 1745 1182 1790 prae
1200 1729 1241 1775 se
1260 1726 1420 1780 ferens,
1442 1725 1558 1772 Red-

274 1806 329 1853 de
348 1807 472 1868 quod
490 1806 634 1853 debes.
653 1806 774 1852 Haec
788 1803 1024 1868 turpiffima
1043 1802 1104 1850 est
1123 1803 1166 1848 in
1186 1798 1423 1855 beneficio,
1440 1797 1555 1844 Red-

273 1881 343 1927 de.
377 1881 501 1940 Quid
530 1880 710 1927 reddet?
735 1879 908 1937 Vitam,
939 1896 1068 1942 quam
1090 1878 1247 1933 debet,
1268 1874 1520 1938 dignitatem
1530 1906 1565 1937 Ὗ,

274 1953 542 2000 securitatem
558 1988 571 2009 ‚
591 1952 851 1999 sanitatem?
872 1950 998 1997 reddi
1027 1950 1216 1996 maxima
1238 1962 1437 2011 quaeque
1462 1961 1556 1992 non

274 2025 465 2088 possunt.
488 2030 575 2072 Aut
604 2043 686 2088 pro
716 2024 803 2081 his,
833 2023 1000 2088 inquit,
1030 2023 1194 2086 aliquid
1213 2020 1337 2084 quod
1364 2019 1471 2065 tanti
1494 2018 1559 2068 fit.

276 2099 378 2145 Hoc
396 2097 456 2145 est
474 2098 595 2161 quod
618 2098 815 2144 dicebam
833 2131 847 2154 ,
868 2096 1136 2142 interituram
1165 2105 1307 2142 tantae
1329 2090 1392 2139 rei
1411 2091 1556 2155 digni-

276 2181 434 2230 tatem,
462 2171 492 2218 fi
513 2170 775 2218 beneficium
797 2187 989 2217 mercem
1008 2168 1207 2217 facimus.
1232 2168 1340 2215 Non
1363 2167 1424 2213 est
1451 2165 1556 2213 irri-

276 2245 430 2291 tandus
449 2245 619 2291 animus
646 2243 701 2291 ad
725 2242 951 2291 avaritiam
969 2279 983 2302 ,
1004 2244 1058 2289 ad
1076 2243 1268 2307 querelas
1281 2277 1297 2299 ,
1317 2241 1372 2288 ad
1389 2239 1557 2288 discor-

276 2315 393 2362 diam
412 2333 423 2362 :
453 2316 524 2363 sua
559 2316 714 2378 sponte
744 2315 790 2361 in
826 2313 901 2360 ista
934 2313 1087 2361 fertur.
1138 2315 1365 2375 Quantum
1403 2309 1557 2374 possu-

276 2403 371 2433 mus
412 2388 651 2436 refistamus
686 2421 704 2448 ‚
746 2399 790 2435 et
825 2384 1049 2451 quaerenti
1094 2384 1349 2434 occasiones
1400 2398 1557 2445 ampu-

277 2473 437 2507 temus.
