1742 2967
283 218 348 264 24
543 205 594 251 L.
634 201 938 250 ANNAEI
977 201 1334 250 SENECAE

284 328 387 358 mor
411 326 501 358 non
527 310 581 357 de
605 327 697 374 quo
726 309 945 367 censeret,
972 310 1043 356 sed
1073 309 1145 357 cui
1171 310 1216 357 in
1241 309 1425 358 consilio
1448 310 1566 361 esset,

281 383 546 432 Mollissimo
561 401 722 447 genere
741 399 910 446 poenae
929 396 1187 430 contentum
1208 382 1294 429 effe
1313 383 1471 430 debere
1489 400 1566 446 pa-

283 472 398 505 trem
425 457 533 504 dixit
569 457 615 502 in
643 454 734 502 filio
766 454 1113 513 adolescentulo,
1135 455 1326 519 impulso
1346 458 1391 502 in
1410 457 1456 503 id
1475 457 1566 503 sce-

282 530 376 585 lus,
400 528 444 573 in
465 542 557 590 quo
582 525 650 582 se,
675 527 797 588 quod
826 527 1075 589 proximum
1096 540 1187 573 erat
1210 527 1264 572 ab
1286 527 1565 587 innocentia,

283 599 437 647 timide
465 597 644 661 gefliffet
663 615 674 643 :
696 599 853 645 debere
888 598 1010 648 illum
1042 599 1095 646 ab
1122 600 1232 649 urbe
1257 611 1300 647 et
1321 618 1345 647 a
1375 601 1566 664 parentis

284 675 428 723 oculis
457 673 725 721 submoveri.

350 748 473 793 XVI.
508 749 552 792 O
581 746 790 809 dignum,
817 763 949 810 quem
979 747 1026 794 in
1055 747 1282 795 confilium
1312 760 1454 810 patres
1484 748 1565 795 ad-

275 818 526 867 vocarent!
560 834 589 865 o
624 819 802 882 dignum
817 837 991 882 ‚qquem
1022 820 1286 867 coheredem
1315 821 1565 868 innocenti-

283 893 364 939 bus
404 891 549 938 liberis
583 890 856 938 scriberent!
893 894 1013 940 Haec
1051 893 1280 940 clementia
1316 894 1565 956 Principem

284 964 435 1020 decet,
455 975 502 1010 ut
520 979 787 1027 quocunque
811 965 1007 1022 venerit,
1027 965 1320 1012 mansuetiora
1338 967 1489 1013 omnia
1509 967 1568 1012 fa-

283 1039 382 1089 ciat.
419 1037 568 1082 Nemo
597 1036 689 1100 regi
720 1049 809 1084 tam
838 1037 940 1084 vilis
967 1037 1042 1092 fit,
1075 1049 1122 1083 ut
1149 1037 1274 1084 illum
1300 1039 1442 1100 perire
1471 1055 1565 1085 non

282 1110 449 1157 sentiat.
470 1109 808 1172 qualiscunque,
832 1125 928 1170 pars
947 1109 1119 1171 imperii
1138 1109 1211 1156 est.
1242 1113 1290 1157 In
1309 1127 1467 1173 magna
1486 1111 1564 1157 im·

282 1180 402 1243 peria
434 1197 489 1226 ex
526 1180 773 1226 minoribus
805 1191 1002 1242 petamus
1045 1180 1311 1242 exemplum.
1363 1182 1468 1228 Non
1504 1181 1566 1229 est

284 1268 419 1299 unum
454 1251 701 1315 imperandi
736 1267 882 1315 genus.
925 1250 1110 1313 imperat
1152 1252 1359 1316 Princeps
1394 1254 1565 1301 civibus

281 1324 366 1372 suis
382 1356 396 1378 ‚
422 1336 541 1386 pater
564 1323 734 1380 liberis,
762 1337 1021 1386 praeceptor
1046 1323 1338 1384 discentibus,
1363 1324 1566 1372 tribunus

283 1396 359 1444 vel
382 1396 582 1444 centurio
613 1395 834 1443 militibus.
876 1396 1038 1442 Nonne
1068 1396 1271 1459 peffimus
1295 1410 1416 1460 pater
1439 1398 1566 1445 vide·

282 1469 430 1527 bitur,
449 1469 524 1532 qui
547 1469 720 1517 affiduis
741 1469 876 1533 plagis
900 1469 1062 1516 liberos
1077 1505 1091 1528 ‚
1116 1470 1246 1517 etiam
1264 1487 1318 1517 ex
1335 1471 1563 1519 leviffimis

282 1544 446 1602 caufis,
474 1544 762 1608 compescet?
803 1547 915 1591 Uter
947 1557 1090 1591 autem
1122 1556 1381 1607 praeceptor
1411 1545 1566 1591 libera·

282 1617 398 1664 libus
423 1617 572 1665 studiis
597 1619 774 1681 dignior
792 1650 806 1673 ‚
838 1618 913 1682 qui
942 1617 1267 1665 excarnificabit
1300 1617 1565 1682 discipulos,

280 1690 313 1738 fi
340 1691 555 1737 memoria
586 1691 670 1739 illis
700 1709 791 1738 non
815 1690 1083 1747 constiterit,
1108 1703 1181 1737 aut
1205 1690 1236 1738 fi
1263 1706 1414 1753 parum
1442 1691 1564 1754 agilis

280 1763 328 1810 in
355 1763 543 1826 legendo
573 1765 731 1812 oculus
766 1764 948 1814 haeserit
969 1781 979 1808 :
999 1780 1054 1809 an
1075 1765 1151 1827 qui
1177 1761 1497 1810 monitionibus
1518 1776 1562 1810 et

282 1838 554 1883 verecundia
583 1839 818 1884 emendare
845 1853 895 1884 ac
927 1838 1088 1884 docere
1125 1837 1278 1883 malit?
1309 1837 1562 1884 Tribunum

284 1909 964 1971 centurionemquedasaevum:
982 1911 1222 1957 desertores
1236 1909 1387 1964 faciet;
1406 1911 1564 1973 quibus

279 1992 427 2027 tamen
466 1980 716 2042 ignoscitur.
758 1983 1092 2046 Numquidnam
1130 1999 1315 2062 aequum
1346 1983 1434 2040 est,
1464 2000 1566 2046 gra-

280 2052 380 2100 vius
397 2053 568 2099 homini
587 2065 630 2100 et
647 2053 830 2101 durius
820 2055 1048 2116 imperari,
1064 2071 1196 2118 quam
1214 2053 1454 2117 imperatur
1474 2055 1564 2102 ani-

279 2124 468 2171 malibus
498 2125 666 2172 mutis?
701 2126 821 2190 atqui
851 2142 1013 2189 equum
1045 2143 1137 2172 non
1170 2126 1331 2173 crebris
1360 2126 1563 2173 verberi-

279 2198 360 2243 bus
390 2208 577 2244 exterret
613 2197 821 2243 domandi
856 2198 1018 2260 peritus
1054 2197 1266 2260 magister.
1311 2199 1404 2245 Fiet
1439 2199 1560 2248 enim

280 2270 595 2318 formidolosus
622 2285 665 2318 et
695 2285 962 2330 contumax,
996 2270 1074 2318 nifi
1105 2288 1207 2318 eum
1236 2273 1351 2319 taffit
1384 2272 1560 2320 blandi-

280 2356 379 2399 ente
399 2344 682 2407 permulseris.
704 2347 822 2392 Idem
841 2346 944 2393 facit
966 2360 1175 2400 venator,
1194 2346 1270 2409 qui
1288 2345 1468 2392 instituit
1486 2362 1561 2392 ca·-

280 2417 397 2463 xulos
432 2417 608 2481 vestigia
649 2420 802 2483 sequi3
832 2420 996 2484 quique
1030 2421 1115 2466 iam
1151 2420 1393 2468 exercitatis
1421 2420 1561 2467 utitur

281 2487 336 2538 ad
362 2487 604 2537 excitandas
633 2491 706 2540 vel
729 2492 1043 2556 persequendas
1069 2491 1199 2556 feras,
1223 2492 1318 2540 Nec
1335 2491 1495 2544 crebro
1515 2492 1559 2539 11⁴
