1742 2967
389 158 488 205 DE
533 159 963 206 BENEFtcits
1007 162 1272 208 LlB.V11.
1376 177 1462 223 331

187 264 260 313 llle
289 265 483 314 invicem
517 269 632 316 dicat
659 286 669 314 :
705 266 875 327 Quidni
907 267 1149 316 merueris?
1195 268 1379 316 eie&um
1410 270 1464 316 li*

186 351 284 386 tore
318 355 514 401 egentem
541 340 760 402 excepisti.

252 412 427 458 XXVI.
453 413 535 458 Sed
556 413 660 458 nihil
681 444 696 466 ,
722 412 887 476 inquit,
906 411 1162 475 proficimus
1182 429 1193 458 ε
1217 412 1470 472 diffimulat,

190 484 354 531 oblitus
378 484 452 531 est.
481 486 588 546 quid
609 485 750 532 facere
782 484 961 532 debeam
984 485 1001 532 ?
1036 485 1224 545 Quaeris
1258 501 1347 530 rem
1373 503 1471 531 ma—

188 556 306 604 xime
326 557 599 604 neceffariam
618 596 631 618 ‚
655 574 697 605 et
722 558 766 604 in
787 575 872 620 qua
889 559 1000 604 hanc
1014 557 1237 604 materiam
1260 557 1469 603 consum-

189 627 299 672 mari
337 628 491 686 decet,
544 629 914 690 quemadmodum
952 629 1110 692 ingrati
1144 629 1311 675 ferendi
1348 630 1468 677 smt?

190 700 368 746 Placido
390 700 561 757 animo,
585 701 832 758 mansueto,
857 718 1032 764 magno.
1061 702 1301 763 Nunquam
1320 713 1361 746 te
1379 715 1470 747 tam

188 771 453 819 inhumanus
477 808 491 830 ‚
517 786 560 819 et
588 774 854 831 immemor,
881 790 924 820 et
951 774 1143 836 ingratus
1171 773 1392 830 offendat,
1424 787 1471 820 ut

192 860 283 890 non
310 857 453 891 tamen
479 845 641 892 dedisse
671 847 866 893 delectet.
898 849 1136 909 Nunquam
1165 845 1209 890 in
1233 847 1309 891 lias
1335 860 1472 892 voces

192 919 347 966 iniuria
373 920 564 982 impellat
591 937 601 965 :
635 920 804 966 Vellem
841 936 930 965 non
964 918 1122 964 fecisse.
1173 917 1378 964 Beneficii
1407 918 1469 962 tui

193 989 273 1035 tibi
298 991 427 1036 etiam
454 991 682 1037 infelicitas
717 993 893 1053 placeat.
920 997 1099 1053 §emper
1127 989 1247 1036 illum
1273 989 1473 1052 poenite-

191 1061 282 1116 bit,
312 1063 341 1107 fi
362 1076 404 1109 te
432 1079 485 1108 ne
513 1080 628 1110 nunc
658 1065 836 1126 quidem
870 1063 1078 1125 poenitet.
1113 1063 1218 1107 Non
1240 1061 1326 1118 est,
1352 1062 1474 1125 quod

192 1134 427 1199 indigneris
444 1150 649 1198 tanquam
671 1126 831 1199 aliquid
853 1136 961 1181 novi
987 1133 1216 1183 acciderit:
1237 1135 1371 1197 magis
1395 1134 1476 1180 mi-

192 1207 279 1253 rari
307 1208 509 1263 deberes,
532 1208 562 1254 fi
595 1225 685 1254 non
713 1208 942 1254 accidisset.
991 1207 1134 1252 Alium
1165 1205 1314 1261 labor,
1344 1205 1474 1251 alium

193 1281 383 1344 impensa
404 1282 594 1329 deterret
612 1299 621 1327 :
645 1280 774 1326 alium
796 1280 1037 1343 periculum
1053 1315 1065 1335 ‚
1085 1279 1216 1325 alium
1240 1277 1381 1338 turpis
1402 1294 1478 1324 ve-

193 1355 403 1402 recundia
420 1390 432 1409 ‚
455 1371 509 1401 ne
539 1354 644 1400 dum
675 1353 843 1410 reddit,
872 1352 1055 1399 fateatur
1079 1349 1289 1413 accepiss'e
1310 1367 1321 1395 ε
1342 1349 1473 1395 alium

193 1426 442 1489 ignorantia
470 1427 633 1484 officii,
663 1426 796 1471 alium
826 1424 1000 1488 pigritia
1019 1461 1032 1482 ,
1056 1424 1190 1470 alium
1220 1423 1472 1485 occupatiO.

197 1498 414 1562 Adspice,
451 1499 825 1562 quemadmodum
864 1497 1098 1544 immensae
1128 1496 1359 1542 hominum
1395 1511 1475 1540 cu-

198 1572 400 1635 piditates
426 1573 546 1618 hient
581 1572 779 1633 semper,
810 1582 852 1617 et
879 1570 1058 1634 poscant
1089 1587 1099 1615 :
1131 1585 1222 1625 non
1250 1567 1478 1614 miraberis

196 1644 257 1691 ibi
289 1645 507 1692 neminem
534 1646 747 1699 reddere,
776 1644 850 1690 ubi
878 1659 1010 1689 nemo
1035 1642 1130 1689 satis
1157 1642 1330 1703 accipit.
1363 1640 1476 1699 Quis

198 1717 260 1766 est
289 1718 470 1764 istorum
504 1730 592 1763 tam
623 1717 772 1764 firmae
804 1718 960 1763 mentis
992 1733 1041 1763 ac
1078 1715 1267 1770 solidae,
1297 1725 1344 1759 ut
1377 1726 1475 1759 tuto

197 1792 312 1854 apud
335 1808 435 1838 eum
466 1790 675 1837 beneficia
703 1789 924 1853 deponas?
958 1789 1074 1834 Alius
1098 1788 1276 1834 libidine
1303 1786 1474 1841 insanit,

199 1866 307 1912 alius
335 1865 559 1911 abdomini
596 1864 728 1912 servit
750 1900 763 1920 ,
798 1863 904 1909 alins
941 1862 1049 1908 lucri
1080 1873 1196 1908 totus
1228 1861 1287 1908 est
1307 1897 1321 1918 ‚
1353 1862 1478 1909 cuius

200 1940 428 1997 summam,
446 1956 534 1985 non
553 1938 646 1986 vias
663 1939 821 2000 {metet
837 1955 847 1983 :
866 1937 972 1983 alius
990 1935 1151 1983 invidia
1165 1936 1332 1982 laborat
1346 1970 1359 1992 ‚
1375 1935 1480 1982 alius

200 2033 332 2064 caeca
355 2015 620 2073 ambitione,
647 2026 690 2060 et
720 2014 765 2059 in
795 2012 960 2077 gladios
990 2026 1153 2057 ruente.
1202 2010 1354 2056 Adiice
1380 2023 1479 2055 tot·-

200 2105 355 2152 porem
375 2089 530 2135 mentis
552 2104 602 2134 ac
627 2086 788 2134 senium
807 2122 819 2142 ,
839 2100 882 2132 et
905 2085 1004 2130 huic
1022 2083 1283 2130 contrariam
1302 2081 1477 2145 inquie-

198 2162 233 2207 ti
258 2160 444 2224 pefiioris
469 2160 772 2223 agitationem,
805 2159 1100 2220 tumultusque
1125 2170 1375 2219 perpetuos.
1410 2154 1479 2201 ad-

201 2233 285 2281 iice
309 2232 648 2280 aestimationem
667 2230 730 2278 sui
756 2230 931 2276 nimiam
957 2242 999 2277 et
1022 2244 1268 2283 tumorem,
1287 2228 1348 2273 ob
1366 2244 1476 2290 quae

203 2307 551 2353 contemnendus
574 2304 659 2361 est,
687 2304 958 2350 insolentem.
1001 2303 1125 2364 Quid
1154 2301 1475 2350 contumaciam

203 2378 249 2426 in
283 2379 485 2441 perversa
517 2378 771 2437 nitentium,
801 2378 906 2440 quid
935 2376 1159 2424 levitatem
1195 2375 1363 2437 semper
1390 2372 1476 2419 alio

205 2452 510 2500 transilientem
541 2452 729 2516 loquar?
768 2452 870 2499 Huc
907 2450 1082 2501 accedat
1113 2449 1332 2498 temeritas
1356 2464 1478 2511 prae-
