<?xml version="1.0" encoding="UTF-8"?>
<!DOCTYPE html PUBLIC "-//W3C//DTD XHTML 1.0 Transitional//EN"
    "http://www.w3.org/TR/xhtml1/DTD/xhtml1-transitional.dtd">
<html xmlns="http://www.w3.org/1999/xhtml" xml:lang="en" lang="en">
 <head>
  <title>
</title>
<meta http-equiv="Content-Type" content="text/html;charset=utf-8" />
  <meta name='ocr-system' content='tesseract 3.04.00' />
  <meta name='ocr-capabilities' content='ocr_page ocr_carea ocr_par ocr_line ocrx_word'/>
</head>
<body>
  <div class='ocr_page' id='page_1' title='image "./lannaeisenecaeph02seneuoft_0248.png"; bbox 0 0 1742 2967; ppageno 0'>
   <div class='ocr_carea' id='block_1_1' title="bbox 352 151 1391 211">
    <p class='ocr_par' dir='ltr' id='par_1_1' title="bbox 352 151 1391 211">
     <span class='ocr_line' id='line_1_1' title="bbox 352 151 1391 211; baseline 0.003 -15"><span class='ocrx_word' id='word_1_1' title='bbox 352 165 463 211; x_wconf 50' lang='grc' dir='ltr'><strong>ιη,</strong></span> <span class='ocrx_word' id='word_1_2' title='bbox 575 151 626 198; x_wconf 84' lang='lat' dir='ltr'><strong>L.</strong></span> <span class='ocrx_word' id='word_1_3' title='bbox 680 151 987 196; x_wconf 81' lang='lat' dir='ltr'><strong>ANNAEI</strong></span> <span class='ocrx_word' id='word_1_4' title='bbox 1036 151 1391 199; x_wconf 77' lang='lat' dir='ltr'>SENECAE</span> 
     </span>
    </p>
   </div>
   <div class='ocr_carea' id='block_1_2' title="bbox 338 255 1639 2512">
    <p class='ocr_par' dir='ltr' id='par_1_2' title="bbox 338 255 1638 2079">
     <span class='ocr_line' id='line_1_2' title="bbox 345 255 1625 323; baseline 0.003 -18"><span class='ocrx_word' id='word_1_5' title='bbox 345 258 453 306; x_wconf 86' lang='lat' dir='ltr'><strong>mihi</strong></span> <span class='ocrx_word' id='word_1_6' title='bbox 476 258 634 306; x_wconf 85' lang='lat' dir='ltr'><strong>volui?</strong></span> <span class='ocrx_word' id='word_1_7' title='bbox 655 255 761 323; x_wconf 88' lang='lat' dir='ltr'><strong>quid</strong></span> <span class='ocrx_word' id='word_1_8' title='bbox 790 255 895 304; x_wconf 90' lang='lat' dir='ltr'><strong>mihi</strong></span> <span class='ocrx_word' id='word_1_9' title='bbox 919 274 1035 306; x_wconf 88' lang='lat' dir='ltr'><strong>nunc</strong></span> <span class='ocrx_word' id='word_1_10' title='bbox 1060 259 1236 322; x_wconf 89' lang='lat' dir='ltr'><strong>prodest</strong></span> <span class='ocrx_word' id='word_1_11' title='bbox 1260 261 1378 308; x_wconf 89' lang='lat' dir='ltr'><strong>bona</strong></span> <span class='ocrx_word' id='word_1_12' title='bbox 1392 259 1625 309; x_wconf 83' lang='lat' dir='ltr'><strong>voluntas?</strong></span> 
     </span>
     <span class='ocr_line' id='line_1_3' title="bbox 344 330 1625 397; baseline 0.002 -20"><span class='ocrx_word' id='word_1_13' title='bbox 344 330 523 378; x_wconf 83' lang='lat' dir='ltr'><strong>Prodest</strong></span> <span class='ocrx_word' id='word_1_14' title='bbox 548 343 594 378; x_wconf 90' lang='lat' dir='ltr'><strong>et</strong></span> <span class='ocrx_word' id='word_1_15' title='bbox 611 330 657 378; x_wconf 90' lang='lat' dir='ltr'><strong>in</strong></span> <span class='ocrx_word' id='word_1_16' title='bbox 685 331 874 395; x_wconf 82' lang='lat' dir='ltr'><strong>equuleo</strong></span> <span class='ocrx_word' id='word_1_17' title='bbox 889 363 903 387; x_wconf 85' lang='lat'><strong>‚</strong></span> <span class='ocrx_word' id='word_1_18' title='bbox 923 330 1101 394; x_wconf 91' lang='lat' dir='ltr'><strong>prodest</strong></span> <span class='ocrx_word' id='word_1_19' title='bbox 1123 345 1167 378; x_wconf 91' lang='lat' dir='ltr'><strong>et</strong></span> <span class='ocrx_word' id='word_1_20' title='bbox 1187 332 1231 378; x_wconf 91' lang='lat' dir='ltr'><strong>in</strong></span> <span class='ocrx_word' id='word_1_21' title='bbox 1255 333 1369 396; x_wconf 83' lang='lat' dir='ltr'><strong>igne,</strong></span> <span class='ocrx_word' id='word_1_22' title='bbox 1395 333 1471 397; x_wconf 89' lang='lat' dir='ltr'><strong>qui</strong></span> <span class='ocrx_word' id='word_1_23' title='bbox 1489 332 1519 379; x_wconf 78' lang='lat' dir='ltr'><strong>{i</strong></span> <span class='ocrx_word' id='word_1_24' title='bbox 1538 334 1625 380; x_wconf 88' lang='lat' dir='ltr'><strong>fin-</strong></span> 
     </span>
     <span class='ocr_line' id='line_1_4' title="bbox 342 404 1625 468; baseline 0.002 -18"><span class='ocrx_word' id='word_1_25' title='bbox 342 404 454 468; x_wconf 85' lang='lat' dir='ltr'><strong>gulis</strong></span> <span class='ocrx_word' id='word_1_26' title='bbox 477 404 686 451; x_wconf 85' lang='lat' dir='ltr'><strong>membris</strong></span> <span class='ocrx_word' id='word_1_27' title='bbox 703 405 994 452; x_wconf 79' lang='lat' dir='ltr'><strong>admoveatur</strong></span> <span class='ocrx_word' id='word_1_28' title='bbox 1012 439 1026 462; x_wconf 86' lang='lat'>‚</span> <span class='ocrx_word' id='word_1_29' title='bbox 1053 418 1096 451; x_wconf 91' lang='lat' dir='ltr'><strong>et</strong></span> <span class='ocrx_word' id='word_1_30' title='bbox 1114 404 1322 468; x_wconf 80' lang='lat' dir='ltr'><strong>paulatim</strong></span> <span class='ocrx_word' id='word_1_31' title='bbox 1342 405 1501 453; x_wconf 89' lang='lat' dir='ltr'><strong>vivum</strong></span> <span class='ocrx_word' id='word_1_32' title='bbox 1520 422 1625 453; x_wconf 89' lang='lat' dir='ltr'><strong>cor-</strong></span> 
     </span>
     <span class='ocr_line' id='line_1_5' title="bbox 341 475 1626 541; baseline 0.001 -18"><span class='ocrx_word' id='word_1_33' title='bbox 341 494 427 540; x_wconf 82' lang='lat' dir='ltr'><strong>pus</strong></span> <span class='ocrx_word' id='word_1_34' title='bbox 444 478 707 524; x_wconf 88' lang='lat' dir='ltr'><strong>circumeat:</strong></span> <span class='ocrx_word' id='word_1_35' title='bbox 723 477 822 525; x_wconf 89' lang='lat' dir='ltr'><strong>licet</strong></span> <span class='ocrx_word' id='word_1_36' title='bbox 839 475 978 540; x_wconf 88' lang='lat' dir='ltr'><strong>ipsum</strong></span> <span class='ocrx_word' id='word_1_37' title='bbox 996 493 1158 540; x_wconf 87' lang='lat' dir='ltr'><strong>corpus</strong></span> <span class='ocrx_word' id='word_1_38' title='bbox 1174 477 1352 541; x_wconf 90' lang='lat' dir='ltr'><strong>plenum</strong></span> <span class='ocrx_word' id='word_1_39' title='bbox 1376 478 1494 524; x_wconf 89' lang='lat' dir='ltr'><strong>bona</strong></span> <span class='ocrx_word' id='word_1_40' title='bbox 1516 493 1626 526; x_wconf 90' lang='lat' dir='ltr'><strong>con-</strong></span> 
     </span>
     <span class='ocr_line' id='line_1_6' title="bbox 344 550 1628 614; baseline 0 -16"><span class='ocrx_word' id='word_1_41' title='bbox 344 550 521 598; x_wconf 86' lang='lat' dir='ltr'><strong>scientia</strong></span> <span class='ocrx_word' id='word_1_42' title='bbox 537 550 664 598; x_wconf 87' lang='lat' dir='ltr'><strong>stillet</strong></span> <span class='ocrx_word' id='word_1_43' title='bbox 683 568 695 597; x_wconf 75' lang='grc' dir='ltr'><strong><em>ε</em></strong></span> <span class='ocrx_word' id='word_1_44' title='bbox 717 550 902 613; x_wconf 82' lang='lat' dir='ltr'>placebit</span> <span class='ocrx_word' id='word_1_45' title='bbox 919 550 978 596; x_wconf 88' lang='lat' dir='ltr'><strong>illi</strong></span> <span class='ocrx_word' id='word_1_46' title='bbox 995 550 1127 613; x_wconf 83' lang='lat' dir='ltr'><strong>ignis,</strong></span> <span class='ocrx_word' id='word_1_47' title='bbox 1146 567 1224 614; x_wconf 92' lang='lat' dir='ltr'><strong>per</strong></span> <span class='ocrx_word' id='word_1_48' title='bbox 1239 568 1371 614; x_wconf 89' lang='lat' dir='ltr'><strong>quem</strong></span> <span class='ocrx_word' id='word_1_49' title='bbox 1387 552 1506 598; x_wconf 91' lang='lat' dir='ltr'><strong>bona</strong></span> <span class='ocrx_word' id='word_1_50' title='bbox 1522 551 1628 599; x_wconf 85' lang='lat' dir='ltr'><strong>fides</strong></span> 
     </span>
     <span class='ocr_line' id='line_1_7' title="bbox 341 623 1628 690; baseline 0.001 -19"><span class='ocrx_word' id='word_1_51' title='bbox 341 624 595 672; x_wconf 87' lang='lat' dir='ltr'><strong>collucebit.</strong></span> <span class='ocrx_word' id='word_1_52' title='bbox 623 624 756 671; x_wconf 90' lang='lat' dir='ltr'><strong>Nunc</strong></span> <span class='ocrx_word' id='word_1_53' title='bbox 775 641 955 688; x_wconf 90' lang='lat' dir='ltr'><strong>quoque</strong></span> <span class='ocrx_word' id='word_1_54' title='bbox 976 623 1082 670; x_wconf 87' lang='lat' dir='ltr'><strong>illud</strong></span> <span class='ocrx_word' id='word_1_55' title='bbox 1107 640 1411 689; x_wconf 84' lang='lat' dir='ltr'><strong>argumentum</strong></span> <span class='ocrx_word' id='word_1_56' title='bbox 1427 661 1440 684; x_wconf 92' lang='lat'>,</span> <span class='ocrx_word' id='word_1_57' title='bbox 1472 641 1628 690; x_wconf 87' lang='lat' dir='ltr'><strong>quam-</strong></span> 
     </span>
     <span class='ocr_line' id='line_1_8' title="bbox 340 696 1626 763; baseline 0.001 -18"><span class='ocrx_word' id='word_1_58' title='bbox 340 698 409 745; x_wconf 87' lang='lat' dir='ltr'><strong>vis</strong></span> <span class='ocrx_word' id='word_1_59' title='bbox 427 698 591 744; x_wconf 59' lang='lat' dir='ltr'><strong>dicium</strong></span> <span class='ocrx_word' id='word_1_60' title='bbox 613 697 698 744; x_wconf 91' lang='lat' dir='ltr'><strong>iam</strong></span> <span class='ocrx_word' id='word_1_61' title='bbox 713 732 728 756; x_wconf 88' lang='lat'>‚</span> <span class='ocrx_word' id='word_1_62' title='bbox 758 699 1003 746; x_wconf 85' lang='lat' dir='ltr'>reducatur.</span> <span class='ocrx_word' id='word_1_63' title='bbox 1032 697 1154 758; x_wconf 84' lang='lat' dir='ltr'>Quid</span> <span class='ocrx_word' id='word_1_64' title='bbox 1184 696 1245 744; x_wconf 89' lang='lat' dir='ltr'><strong>est</strong></span> <span class='ocrx_word' id='word_1_65' title='bbox 1265 715 1397 762; x_wconf 87' lang='lat' dir='ltr'><strong>quare</strong></span> <span class='ocrx_word' id='word_1_66' title='bbox 1414 699 1525 763; x_wconf 88' lang='lat' dir='ltr'><strong>grati</strong></span> <span class='ocrx_word' id='word_1_67' title='bbox 1544 715 1626 748; x_wconf 89' lang='lat' dir='ltr'><strong>ve-</strong></span> 
     </span>
     <span class='ocr_line' id='line_1_9' title="bbox 339 767 1628 834; baseline 0.002 -17"><span class='ocrx_word' id='word_1_68' title='bbox 339 771 477 817; x_wconf 79' lang='lat' dir='ltr'><strong>limus</strong></span> <span class='ocrx_word' id='word_1_69' title='bbox 496 767 613 828; x_wconf 81' lang='lat' dir='ltr'><strong>effe,</strong></span> <span class='ocrx_word' id='word_1_70' title='bbox 639 785 741 816; x_wconf 85' lang='lat' dir='ltr'><strong>cum</strong></span> <span class='ocrx_word' id='word_1_71' title='bbox 773 769 1023 817; x_wconf 83' lang='lat' dir='ltr'>morimur?</span> <span class='ocrx_word' id='word_1_72' title='bbox 1058 786 1192 833; x_wconf 88' lang='lat' dir='ltr'><strong>quare</strong></span> <span class='ocrx_word' id='word_1_73' title='bbox 1226 770 1494 834; x_wconf 74' lang='lat' dir='ltr'><strong>singulorum</strong></span> <span class='ocrx_word' id='word_1_74' title='bbox 1525 789 1628 834; x_wconf 88' lang='lat' dir='ltr'><strong>per·</strong></span> 
     </span>
     <span class='ocr_line' id='line_1_10' title="bbox 341 846 1627 911; baseline 0.001 -17"><span class='ocrx_word' id='word_1_75' title='bbox 341 847 584 911; x_wconf 83' lang='lat' dir='ltr'>pendamus</span> <span class='ocrx_word' id='word_1_76' title='bbox 600 846 778 895; x_wconf 78' lang='lat' dir='ltr'><strong>officia?</strong></span> <span class='ocrx_word' id='word_1_77' title='bbox 808 863 940 910; x_wconf 89' lang='lat' dir='ltr'><strong>quare</strong></span> <span class='ocrx_word' id='word_1_78' title='bbox 958 846 1003 892; x_wconf 92' lang='lat' dir='ltr'><strong>id</strong></span> <span class='ocrx_word' id='word_1_79' title='bbox 1022 862 1199 909; x_wconf 85' lang='lat' dir='ltr'><strong>agamus</strong></span> <span class='ocrx_word' id='word_1_80' title='bbox 1216 846 1261 893; x_wconf 92' lang='lat' dir='ltr'><strong>in</strong></span> <span class='ocrx_word' id='word_1_81' title='bbox 1280 863 1460 894; x_wconf 87' lang='lat' dir='ltr'><strong>omnem</strong></span> <span class='ocrx_word' id='word_1_82' title='bbox 1488 847 1627 895; x_wconf 89' lang='lat' dir='ltr'><strong>vitam</strong></span> 
     </span>
     <span class='ocr_line' id='line_1_11' title="bbox 341 919 1630 976; baseline 0 -9"><span class='ocrx_word' id='word_1_83' title='bbox 341 919 536 967; x_wconf 85' lang='lat' dir='ltr'><strong>nostram</strong></span> <span class='ocrx_word' id='word_1_84' title='bbox 569 919 786 966; x_wconf 88' lang='lat' dir='ltr'><strong>memoria</strong></span> <span class='ocrx_word' id='word_1_85' title='bbox 821 921 1085 966; x_wconf 84' lang='lat' dir='ltr'><strong>decernente</strong></span> <span class='ocrx_word' id='word_1_86' title='bbox 1102 954 1116 976; x_wconf 89' lang='lat'>‚</span> <span class='ocrx_word' id='word_1_87' title='bbox 1153 935 1207 966; x_wconf 93' lang='lat' dir='ltr'><strong>ne</strong></span> <span class='ocrx_word' id='word_1_88' title='bbox 1238 920 1360 966; x_wconf 87' lang='lat' dir='ltr'><strong>cuius</strong></span> <span class='ocrx_word' id='word_1_89' title='bbox 1395 921 1530 969; x_wconf 88' lang='lat' dir='ltr'><strong>officii</strong></span> <span class='ocrx_word' id='word_1_90' title='bbox 1558 922 1630 968; x_wconf 88' lang='lat' dir='ltr'><strong>vi-</strong></span> 
     </span>
     <span class='ocr_line' id='line_1_12' title="bbox 342 990 1628 1057; baseline 0.001 -18"><span class='ocrx_word' id='word_1_91' title='bbox 342 993 523 1040; x_wconf 86' lang='lat' dir='ltr'><strong>deamur</strong></span> <span class='ocrx_word' id='word_1_92' title='bbox 542 990 702 1038; x_wconf 79' lang='lat' dir='ltr'><strong>obliti?</strong></span> <span class='ocrx_word' id='word_1_93' title='bbox 721 990 846 1038; x_wconf 81' lang='lat' dir='ltr'><strong>Nihil</strong></span> <span class='ocrx_word' id='word_1_94' title='bbox 864 991 950 1037; x_wconf 86' lang='lat' dir='ltr'><strong>iam</strong></span> <span class='ocrx_word' id='word_1_95' title='bbox 971 990 1181 1054; x_wconf 89' lang='lat' dir='ltr'><strong>superest,</strong></span> <span class='ocrx_word' id='word_1_96' title='bbox 1208 1007 1300 1055; x_wconf 90' lang='lat' dir='ltr'><strong>quo</strong></span> <span class='ocrx_word' id='word_1_97' title='bbox 1316 991 1410 1055; x_wconf 90' lang='lat' dir='ltr'><strong>spes</strong></span> <span class='ocrx_word' id='word_1_98' title='bbox 1428 993 1628 1057; x_wconf 57' lang='lat' dir='ltr'><strong>porriga»</strong></span> 
     </span>
     <span class='ocr_line' id='line_1_13' title="bbox 338 1062 1628 1126; baseline 0 -14"><span class='ocrx_word' id='word_1_99' title='bbox 338 1079 436 1114; x_wconf 85' lang='lat' dir='ltr'><strong>tur:</strong></span> <span class='ocrx_word' id='word_1_100' title='bbox 455 1064 501 1110; x_wconf 88' lang='lat' dir='ltr'><strong>in</strong></span> <span class='ocrx_word' id='word_1_101' title='bbox 520 1063 598 1110; x_wconf 83' lang='lat' dir='ltr'><strong>illo</strong></span> <span class='ocrx_word' id='word_1_102' title='bbox 617 1076 762 1110; x_wconf 90' lang='lat' dir='ltr'><strong>tamen</strong></span> <span class='ocrx_word' id='word_1_103' title='bbox 782 1064 959 1110; x_wconf 88' lang='lat' dir='ltr'><strong>cardine</strong></span> <span class='ocrx_word' id='word_1_104' title='bbox 977 1062 1123 1126; x_wconf 75' lang='lat' dir='ltr'><strong>positi,</strong></span> <span class='ocrx_word' id='word_1_105' title='bbox 1140 1063 1260 1110; x_wconf 84' lang='lat' dir='ltr'><strong>abire</strong></span> <span class='ocrx_word' id='word_1_106' title='bbox 1278 1081 1302 1110; x_wconf 91' lang='lat' dir='ltr'><strong>e</strong></span> <span class='ocrx_word' id='word_1_107' title='bbox 1321 1066 1453 1111; x_wconf 89' lang='lat' dir='ltr'><strong>rebus</strong></span> <span class='ocrx_word' id='word_1_108' title='bbox 1470 1065 1628 1112; x_wconf 83' lang='lat' dir='ltr'><strong>huma-</strong></span> 
     </span>
     <span class='ocr_line' id='line_1_14' title="bbox 341 1135 1629 1202; baseline 0 -17"><span class='ocrx_word' id='word_1_109' title='bbox 341 1139 408 1187; x_wconf 88' lang='lat' dir='ltr'><strong>nis</strong></span> <span class='ocrx_word' id='word_1_110' title='bbox 430 1154 560 1202; x_wconf 86' lang='lat' dir='ltr'><strong>quam</strong></span> <span class='ocrx_word' id='word_1_111' title='bbox 584 1135 805 1200; x_wconf 84' lang='lat' dir='ltr'><strong>gratiffimi</strong></span> <span class='ocrx_word' id='word_1_112' title='bbox 827 1136 1050 1185; x_wconf 87' lang='lat' dir='ltr'><strong>volumus.</strong></span> <span class='ocrx_word' id='word_1_113' title='bbox 1076 1136 1148 1183; x_wconf 91' lang='lat' dir='ltr'><strong>Est</strong></span> <span class='ocrx_word' id='word_1_114' title='bbox 1175 1136 1383 1184; x_wconf 87' lang='lat' dir='ltr'><strong>videlicet</strong></span> <span class='ocrx_word' id='word_1_115' title='bbox 1407 1155 1563 1202; x_wconf 86' lang='lat' dir='ltr'><strong>magna</strong></span> <span class='ocrx_word' id='word_1_116' title='bbox 1583 1139 1629 1185; x_wconf 89' lang='lat' dir='ltr'><strong>in</strong></span> 
     </span>
     <span class='ocr_line' id='line_1_15' title="bbox 341 1208 1631 1276; baseline -0.001 -17"><span class='ocrx_word' id='word_1_117' title='bbox 341 1212 437 1276; x_wconf 78' lang='lat' dir='ltr'><strong>ipso</strong></span> <span class='ocrx_word' id='word_1_118' title='bbox 460 1226 597 1274; x_wconf 87' lang='lat' dir='ltr'><strong>opere</strong></span> <span class='ocrx_word' id='word_1_119' title='bbox 625 1225 793 1256; x_wconf 88' lang='lat' dir='ltr'><strong>merces</strong></span> <span class='ocrx_word' id='word_1_120' title='bbox 818 1209 910 1264; x_wconf 89' lang='lat' dir='ltr'><strong>rei,</strong></span> <span class='ocrx_word' id='word_1_121' title='bbox 943 1220 986 1256; x_wconf 92' lang='lat' dir='ltr'><strong>et</strong></span> <span class='ocrx_word' id='word_1_122' title='bbox 1007 1209 1060 1256; x_wconf 91' lang='lat' dir='ltr'><strong>ad</strong></span> <span class='ocrx_word' id='word_1_123' title='bbox 1080 1208 1326 1256; x_wconf 87' lang='lat' dir='ltr'><strong>alliciendas</strong></span> <span class='ocrx_word' id='word_1_124' title='bbox 1349 1223 1517 1258; x_wconf 88' lang='lat' dir='ltr'><strong>mentes</strong></span> <span class='ocrx_word' id='word_1_125' title='bbox 1542 1211 1631 1257; x_wconf 81' lang='lat' dir='ltr'><strong>ho-</strong></span> 
     </span>
     <span class='ocr_line' id='line_1_16' title="bbox 343 1281 1630 1346; baseline 0 -15"><span class='ocrx_word' id='word_1_126' title='bbox 343 1284 513 1332; x_wconf 87' lang='lat' dir='ltr'><strong>minum</strong></span> <span class='ocrx_word' id='word_1_127' title='bbox 545 1282 695 1346; x_wconf 86' lang='lat' dir='ltr'><strong>ingens</strong></span> <span class='ocrx_word' id='word_1_128' title='bbox 723 1281 894 1329; x_wconf 84' lang='lat' dir='ltr'><strong>honesti</strong></span> <span class='ocrx_word' id='word_1_129' title='bbox 923 1281 1122 1345; x_wconf 89' lang='lat' dir='ltr'><strong>potentia</strong></span> <span class='ocrx_word' id='word_1_130' title='bbox 1147 1300 1158 1329; x_wconf 73' lang='grc' dir='ltr'>ε</span> <span class='ocrx_word' id='word_1_131' title='bbox 1192 1283 1316 1329; x_wconf 87' lang='lat' dir='ltr'><strong>cuius</strong></span> <span class='ocrx_word' id='word_1_132' title='bbox 1346 1283 1630 1346; x_wconf 67' lang='lat' dir='ltr'>pulchritudo</span> 
     </span>
     <span class='ocr_line' id='line_1_17' title="bbox 341 1356 1632 1416; baseline -0.002 -8"><span class='ocrx_word' id='word_1_133' title='bbox 341 1359 514 1408; x_wconf 85' lang='lat' dir='ltr'><strong>animos</strong></span> <span class='ocrx_word' id='word_1_134' title='bbox 539 1356 884 1416; x_wconf 86' lang='lat' dir='ltr'><strong>circumfundit,</strong></span> <span class='ocrx_word' id='word_1_135' title='bbox 903 1370 946 1405; x_wconf 92' lang='lat' dir='ltr'><strong>et</strong></span> <span class='ocrx_word' id='word_1_136' title='bbox 966 1357 1172 1405; x_wconf 89' lang='lat' dir='ltr'><strong>delinitos</strong></span> <span class='ocrx_word' id='word_1_137' title='bbox 1189 1358 1479 1405; x_wconf 82' lang='lat' dir='ltr'><strong>admiratione</strong></span> <span class='ocrx_word' id='word_1_138' title='bbox 1499 1359 1632 1406; x_wconf 89' lang='lat' dir='ltr'><strong>lumi·</strong></span> 
     </span>
     <span class='ocr_line' id='line_1_18' title="bbox 343 1430 1634 1495; baseline -0.002 -14"><span class='ocrx_word' id='word_1_139' title='bbox 343 1433 412 1481; x_wconf 89' lang='lat' dir='ltr'><strong>nis</strong></span> <span class='ocrx_word' id='word_1_140' title='bbox 446 1449 497 1479; x_wconf 91' lang='lat' dir='ltr'><strong>ac</strong></span> <span class='ocrx_word' id='word_1_141' title='bbox 531 1430 718 1494; x_wconf 78' lang='lat' dir='ltr'><strong>fulgorIS</strong></span> <span class='ocrx_word' id='word_1_142' title='bbox 754 1430 816 1478; x_wconf 90' lang='lat' dir='ltr'><strong>sui</strong></span> <span class='ocrx_word' id='word_1_143' title='bbox 844 1432 972 1495; x_wconf 86' lang='lat' dir='ltr'><strong>rapit.</strong></span> <span class='ocrx_word' id='word_1_144' title='bbox 1005 1434 1063 1478; x_wconf 88' lang='lat' dir='ltr'><strong>At</strong></span> <span class='ocrx_word' id='word_1_145' title='bbox 1098 1431 1231 1478; x_wconf 84' lang='lat' dir='ltr'><strong>multa</strong></span> <span class='ocrx_word' id='word_1_146' title='bbox 1263 1431 1365 1478; x_wconf 87' lang='lat' dir='ltr'><strong>hinc</strong></span> <span class='ocrx_word' id='word_1_147' title='bbox 1393 1434 1634 1479; x_wconf 90' lang='lat' dir='ltr'><strong>commoda</strong></span> 
     </span>
     <span class='ocr_line' id='line_1_19' title="bbox 343 1503 1634 1568; baseline 0 -15"><span class='ocrx_word' id='word_1_148' title='bbox 343 1505 562 1554; x_wconf 87' lang='lat' dir='ltr'><strong>oriuntur.</strong></span> <span class='ocrx_word' id='word_1_149' title='bbox 585 1507 639 1551; x_wconf 89' lang='lat' dir='ltr'><strong>Et</strong></span> <span class='ocrx_word' id='word_1_150' title='bbox 664 1503 803 1551; x_wconf 86' lang='lat' dir='ltr'><strong>tutior</strong></span> <span class='ocrx_word' id='word_1_151' title='bbox 833 1504 906 1551; x_wconf 84' lang='lat' dir='ltr'><strong>eff</strong></span> <span class='ocrx_word' id='word_1_152' title='bbox 918 1504 1007 1552; x_wconf 87' lang='lat' dir='ltr'><strong>vita</strong></span> <span class='ocrx_word' id='word_1_153' title='bbox 1035 1504 1321 1561; x_wconf 87' lang='lat' dir='ltr'><strong>melioribus,</strong></span> <span class='ocrx_word' id='word_1_154' title='bbox 1354 1521 1566 1568; x_wconf 89' lang='lat' dir='ltr'><strong>amorque</strong></span> <span class='ocrx_word' id='word_1_155' title='bbox 1591 1519 1634 1553; x_wconf 89' lang='lat' dir='ltr'><strong>et</strong></span> 
     </span>
     <span class='ocr_line' id='line_1_20' title="bbox 345 1575 1633 1639; baseline -0.001 -14"><span class='ocrx_word' id='word_1_156' title='bbox 345 1578 583 1625; x_wconf 86' lang='lat' dir='ltr'><strong>secundum</strong></span> <span class='ocrx_word' id='word_1_157' title='bbox 623 1575 849 1622; x_wconf 87' lang='lat' dir='ltr'><strong>bonorum</strong></span> <span class='ocrx_word' id='word_1_158' title='bbox 887 1575 1099 1622; x_wconf 89' lang='lat' dir='ltr'><strong>iudicium</strong></span> <span class='ocrx_word' id='word_1_159' title='bbox 1123 1611 1137 1633; x_wconf 91' lang='lat'>‚</span> <span class='ocrx_word' id='word_1_160' title='bbox 1171 1591 1374 1639; x_wconf 86' lang='lat' dir='ltr'><strong>aetasque</strong></span> <span class='ocrx_word' id='word_1_161' title='bbox 1408 1576 1604 1624; x_wconf 88' lang='lat' dir='ltr'><strong>securior</strong></span> <span class='ocrx_word' id='word_1_162' title='bbox 1618 1614 1633 1635; x_wconf 85' lang='lat'><strong>‚</strong></span> 
     </span>
     <span class='ocr_line' id='line_1_21' title="bbox 345 1647 1636 1715; baseline 0 -18"><span class='ocrx_word' id='word_1_163' title='bbox 345 1667 476 1715; x_wconf 86' lang='lat' dir='ltr'><strong>quam</strong></span> <span class='ocrx_word' id='word_1_164' title='bbox 492 1647 769 1715; x_wconf 66' lang='lat' dir='ltr'><strong>innocentia2</strong></span> <span class='ocrx_word' id='word_1_165' title='bbox 788 1664 916 1712; x_wconf 88' lang='lat' dir='ltr'><strong>quam</strong></span> <span class='ocrx_word' id='word_1_166' title='bbox 938 1660 1056 1713; x_wconf 85' lang='lat' dir='ltr'><strong>grata</strong></span> <span class='ocrx_word' id='word_1_167' title='bbox 1072 1665 1195 1695; x_wconf 90' lang='lat' dir='ltr'><strong>mens</strong></span> <span class='ocrx_word' id='word_1_168' title='bbox 1216 1648 1505 1712; x_wconf 84' lang='lat' dir='ltr'><strong>prosequitur.</strong></span> <span class='ocrx_word' id='word_1_169' title='bbox 1520 1651 1636 1697; x_wconf 86' lang='lat' dir='ltr'><strong>Fuis-</strong></span> 
     </span>
     <span class='ocr_line' id='line_1_22' title="bbox 345 1720 1633 1786; baseline -0.002 -15"><span class='ocrx_word' id='word_1_170' title='bbox 345 1723 409 1771; x_wconf 84' lang='lat' dir='ltr'><strong>set</strong></span> <span class='ocrx_word' id='word_1_171' title='bbox 426 1723 541 1770; x_wconf 89' lang='lat' dir='ltr'><strong>enim</strong></span> <span class='ocrx_word' id='word_1_172' title='bbox 564 1720 826 1786; x_wconf 89' lang='lat' dir='ltr'><strong>iniquiffima</strong></span> <span class='ocrx_word' id='word_1_173' title='bbox 845 1738 991 1769; x_wconf 90' lang='lat' dir='ltr'><strong>rerum</strong></span> <span class='ocrx_word' id='word_1_174' title='bbox 1012 1734 1182 1779; x_wconf 89' lang='lat' dir='ltr'><strong>natura,</strong></span> <span class='ocrx_word' id='word_1_175' title='bbox 1202 1720 1233 1767; x_wconf 84' lang='lat' dir='ltr'><strong>fi</strong></span> <span class='ocrx_word' id='word_1_176' title='bbox 1252 1721 1339 1769; x_wconf 91' lang='lat' dir='ltr'><strong>hoc</strong></span> <span class='ocrx_word' id='word_1_177' title='bbox 1359 1735 1526 1769; x_wconf 85' lang='lat' dir='ltr'><strong>tantum</strong></span> <span class='ocrx_word' id='word_1_178' title='bbox 1548 1724 1633 1769; x_wconf 92' lang='lat' dir='ltr'><strong>bo-</strong></span> 
     </span>
     <span class='ocr_line' id='line_1_23' title="bbox 347 1793 1636 1857; baseline 0 -14"><span class='ocrx_word' id='word_1_179' title='bbox 347 1813 455 1843; x_wconf 84' lang='lat' dir='ltr'><strong>num</strong></span> <span class='ocrx_word' id='word_1_180' title='bbox 474 1794 679 1842; x_wconf 87' lang='lat' dir='ltr'><strong>miserum</strong></span> <span class='ocrx_word' id='word_1_181' title='bbox 697 1829 712 1852; x_wconf 89' lang='lat'>‚</span> <span class='ocrx_word' id='word_1_182' title='bbox 738 1806 782 1841; x_wconf 88' lang='lat' dir='ltr'><strong>et</strong></span> <span class='ocrx_word' id='word_1_183' title='bbox 800 1810 957 1857; x_wconf 87' lang='lat' dir='ltr'><strong>anceps</strong></span> <span class='ocrx_word' id='word_1_184' title='bbox 972 1831 986 1852; x_wconf 86' lang='lat'>‚</span> <span class='ocrx_word' id='word_1_185' title='bbox 1017 1807 1061 1842; x_wconf 91' lang='lat' dir='ltr'><strong>et</strong></span> <span class='ocrx_word' id='word_1_186' title='bbox 1076 1795 1215 1842; x_wconf 86' lang='lat' dir='ltr'><strong>sterile</strong></span> <span class='ocrx_word' id='word_1_187' title='bbox 1229 1793 1407 1841; x_wconf 75' lang='lat' dir='ltr'><strong>fecisset.</strong></span> <span class='ocrx_word' id='word_1_188' title='bbox 1423 1796 1507 1842; x_wconf 90' lang='lat' dir='ltr'><strong>Sed</strong></span> <span class='ocrx_word' id='word_1_189' title='bbox 1526 1795 1636 1843; x_wconf 88' lang='lat' dir='ltr'><strong>illud</strong></span> 
     </span>
     <span class='ocr_line' id='line_1_24' title="bbox 347 1867 1638 1933; baseline 0.001 -18"><span class='ocrx_word' id='word_1_190' title='bbox 347 1868 519 1916; x_wconf 87' lang='lat' dir='ltr'><strong>intuere</strong></span> <span class='ocrx_word' id='word_1_191' title='bbox 537 1903 549 1926; x_wconf 91' lang='lat'><strong><em>‚</em></strong></span> <span class='ocrx_word' id='word_1_192' title='bbox 574 1884 627 1914; x_wconf 91' lang='lat' dir='ltr'><strong>an</strong></span> <span class='ocrx_word' id='word_1_193' title='bbox 659 1868 714 1913; x_wconf 88' lang='lat' dir='ltr'><strong>ad</strong></span> <span class='ocrx_word' id='word_1_194' title='bbox 744 1867 866 1914; x_wconf 85' lang='lat' dir='ltr'><strong>istam</strong></span> <span class='ocrx_word' id='word_1_195' title='bbox 896 1869 1131 1927; x_wconf 87' lang='lat' dir='ltr'><strong>virtutem,</strong></span> <span class='ocrx_word' id='word_1_196' title='bbox 1162 1886 1273 1933; x_wconf 88' lang='lat' dir='ltr'><strong>quae</strong></span> <span class='ocrx_word' id='word_1_197' title='bbox 1302 1868 1429 1931; x_wconf 90' lang='lat' dir='ltr'><strong>saepe</strong></span> <span class='ocrx_word' id='word_1_198' title='bbox 1453 1880 1552 1915; x_wconf 90' lang='lat' dir='ltr'><strong>tuto</strong></span> <span class='ocrx_word' id='word_1_199' title='bbox 1587 1885 1638 1916; x_wconf 90' lang='lat' dir='ltr'><strong>ac</strong></span> 
     </span>
     <span class='ocr_line' id='line_1_25' title="bbox 349 1940 1637 2005; baseline 0 -17"><span class='ocrx_word' id='word_1_200' title='bbox 349 1942 469 1991; x_wconf 82' lang='lat' dir='ltr'><strong>facili</strong></span> <span class='ocrx_word' id='word_1_201' title='bbox 489 1942 632 1989; x_wconf 88' lang='lat' dir='ltr'><strong>aditur</strong></span> <span class='ocrx_word' id='word_1_202' title='bbox 646 1977 659 1998; x_wconf 90' lang='lat'><strong><em>,</em></strong></span> <span class='ocrx_word' id='word_1_203' title='bbox 676 1941 806 1988; x_wconf 86' lang='lat' dir='ltr'><strong>etiam</strong></span> <span class='ocrx_word' id='word_1_204' title='bbox 827 1957 906 2004; x_wconf 90' lang='lat' dir='ltr'><strong>per</strong></span> <span class='ocrx_word' id='word_1_205' title='bbox 922 1941 1040 1998; x_wconf 75' lang='lat' dir='ltr'><strong>saxa,</strong></span> <span class='ocrx_word' id='word_1_206' title='bbox 1059 1954 1102 1987; x_wconf 83' lang='lat' dir='ltr'><strong>et</strong></span> <span class='ocrx_word' id='word_1_207' title='bbox 1118 1959 1248 2005; x_wconf 88' lang='lat' dir='ltr'><strong>rupes</strong></span> <span class='ocrx_word' id='word_1_208' title='bbox 1264 1977 1278 1999; x_wconf 91' lang='lat'><strong>,</strong></span> <span class='ocrx_word' id='word_1_209' title='bbox 1298 1955 1342 1989; x_wconf 90' lang='lat' dir='ltr'><strong>et</strong></span> <span class='ocrx_word' id='word_1_210' title='bbox 1358 1942 1459 1990; x_wconf 85' lang='lat' dir='ltr'><strong>feris</strong></span> <span class='ocrx_word' id='word_1_211' title='bbox 1475 1958 1525 1989; x_wconf 88' lang='lat' dir='ltr'><strong>ac</strong></span> <span class='ocrx_word' id='word_1_212' title='bbox 1543 1940 1637 1989; x_wconf 90' lang='lat' dir='ltr'><strong>ser·</strong></span> 
     </span>
     <span class='ocr_line' id='line_1_26' title="bbox 350 2013 1257 2079; baseline -0.001 -16"><span class='ocrx_word' id='word_1_213' title='bbox 350 2016 554 2079; x_wconf 84' lang='lat' dir='ltr'><strong>pentibus</strong></span> <span class='ocrx_word' id='word_1_214' title='bbox 575 2014 789 2062; x_wconf 82' lang='lat' dir='ltr'><strong>obseffum</strong></span> <span class='ocrx_word' id='word_1_215' title='bbox 817 2014 924 2070; x_wconf 86' lang='lat' dir='ltr'><strong>iter,</strong></span> <span class='ocrx_word' id='word_1_216' title='bbox 950 2013 1084 2061; x_wconf 85' lang='lat' dir='ltr'><strong>fueris</strong></span> <span class='ocrx_word' id='word_1_217' title='bbox 1104 2015 1257 2062; x_wconf 88' lang='lat' dir='ltr'><strong>iturus.</strong></span> 
     </span>
    </p>

    <p class='ocr_par' dir='ltr' id='par_1_3' title="bbox 353 2086 1639 2512">
     <span class='ocr_line' id='line_1_27' title="bbox 417 2086 1638 2150; baseline -0.001 -16"><span class='ocrx_word' id='word_1_218' title='bbox 417 2089 584 2135; x_wconf 81' lang='lat' dir='ltr'>XX111.</span> <span class='ocrx_word' id='word_1_219' title='bbox 613 2089 718 2134; x_wconf 91' lang='lat' dir='ltr'><strong>Non</strong></span> <span class='ocrx_word' id='word_1_220' title='bbox 739 2086 841 2134; x_wconf 89' lang='lat' dir='ltr'><strong>ideo</strong></span> <span class='ocrx_word' id='word_1_221' title='bbox 861 2104 939 2150; x_wconf 79' lang='lat' dir='ltr'><strong>per</strong></span> <span class='ocrx_word' id='word_1_222' title='bbox 961 2087 1000 2133; x_wconf 89' lang='lat' dir='ltr'><strong>se</strong></span> <span class='ocrx_word' id='word_1_223' title='bbox 1021 2104 1110 2133; x_wconf 87' lang='lat' dir='ltr'><strong>non</strong></span> <span class='ocrx_word' id='word_1_224' title='bbox 1137 2087 1198 2133; x_wconf 88' lang='lat' dir='ltr'><strong>est</strong></span> <span class='ocrx_word' id='word_1_225' title='bbox 1224 2086 1542 2149; x_wconf 85' lang='lat' dir='ltr'><strong>expetendum,</strong></span> <span class='ocrx_word' id='word_1_226' title='bbox 1568 2086 1638 2133; x_wconf 89' lang='lat' dir='ltr'><strong>cui</strong></span> 
     </span>
     <span class='ocr_line' id='line_1_28' title="bbox 353 2158 1638 2224; baseline -0.003 -16"><span class='ocrx_word' id='word_1_227' title='bbox 353 2160 518 2224; x_wconf 74' lang='lat' dir='ltr'><strong>aliquid</strong></span> <span class='ocrx_word' id='word_1_228' title='bbox 536 2173 654 2207; x_wconf 79' lang='lat' dir='ltr'><strong>extra</strong></span> <span class='ocrx_word' id='word_1_229' title='bbox 671 2177 853 2224; x_wconf 80' lang='lat' dir='ltr'><strong>quoque</strong></span> <span class='ocrx_word' id='word_1_230' title='bbox 873 2160 1162 2207; x_wconf 82' lang='lat' dir='ltr'><strong>emoiumenti</strong></span> <span class='ocrx_word' id='word_1_231' title='bbox 1181 2161 1393 2206; x_wconf 85' lang='lat' dir='ltr'><strong>adhaeret.</strong></span> <span class='ocrx_word' id='word_1_232' title='bbox 1413 2158 1502 2205; x_wconf 90' lang='lat' dir='ltr'><strong>fere</strong></span> <span class='ocrx_word' id='word_1_233' title='bbox 1520 2159 1638 2204; x_wconf 85' lang='lat' dir='ltr'><strong>enim</strong></span> 
     </span>
     <span class='ocr_line' id='line_1_29' title="bbox 354 2231 1639 2297; baseline -0.003 -17"><span class='ocrx_word' id='word_1_234' title='bbox 354 2234 650 2296; x_wconf 79' lang='lat' dir='ltr'><strong>pulcherrima</strong></span> <span class='ocrx_word' id='word_1_235' title='bbox 676 2249 872 2297; x_wconf 75' lang='lat' dir='ltr'><strong>quaeque</strong></span> <span class='ocrx_word' id='word_1_236' title='bbox 891 2264 905 2286; x_wconf 79' lang='grc'>,</span> <span class='ocrx_word' id='word_1_237' title='bbox 937 2233 1083 2279; x_wconf 86' lang='lat' dir='ltr'><strong>multis</strong></span> <span class='ocrx_word' id='word_1_238' title='bbox 1101 2246 1144 2279; x_wconf 91' lang='lat' dir='ltr'><strong>et</strong></span> <span class='ocrx_word' id='word_1_239' title='bbox 1164 2233 1415 2280; x_wconf 88' lang='lat' dir='ltr'><strong>adventitiis</strong></span> <span class='ocrx_word' id='word_1_240' title='bbox 1434 2231 1639 2279; x_wconf 88' lang='lat' dir='ltr'><strong>comitata</strong></span> 
     </span>
     <span class='ocr_line' id='line_1_30' title="bbox 358 2304 1639 2368; baseline -0.002 -18"><span class='ocrx_word' id='word_1_241' title='bbox 358 2307 453 2351; x_wconf 76' lang='lat' dir='ltr'><strong>sunt</strong></span> <span class='ocrx_word' id='word_1_242' title='bbox 473 2304 673 2352; x_wconf 67' lang='lat' dir='ltr'><strong>dotibus:</strong></span> <span class='ocrx_word' id='word_1_243' title='bbox 695 2305 766 2352; x_wconf 86' lang='lat' dir='ltr'><strong>sed</strong></span> <span class='ocrx_word' id='word_1_244' title='bbox 784 2304 874 2350; x_wconf 65' lang='lat' dir='ltr'><strong>illas</strong></span> <span class='ocrx_word' id='word_1_245' title='bbox 894 2306 1068 2352; x_wconf 83' lang='lat' dir='ltr'><strong>trahunt</strong></span> <span class='ocrx_word' id='word_1_246' title='bbox 1083 2341 1096 2362; x_wconf 84' lang='lat'>,</span> <span class='ocrx_word' id='word_1_247' title='bbox 1116 2305 1203 2368; x_wconf 87' lang='lat' dir='ltr'><strong>ipsa</strong></span> <span class='ocrx_word' id='word_1_248' title='bbox 1226 2306 1500 2367; x_wconf 84' lang='lat' dir='ltr'><strong>praecedunt.</strong></span> <span class='ocrx_word' id='word_1_249' title='bbox 1519 2304 1639 2349; x_wconf 90' lang='lat' dir='ltr'><strong>Num</strong></span> 
     </span>
     <span class='ocr_line' id='line_1_31' title="bbox 359 2373 1637 2442; baseline -0.002 -19"><span class='ocrx_word' id='word_1_250' title='bbox 359 2379 540 2424; x_wconf 80' lang='lat' dir='ltr'><strong>dubium</strong></span> <span class='ocrx_word' id='word_1_251' title='bbox 577 2378 667 2434; x_wconf 84' lang='lat' dir='ltr'><strong>est,</strong></span> <span class='ocrx_word' id='word_1_252' title='bbox 703 2379 809 2442; x_wconf 79' lang='lat' dir='ltr'><strong>quin</strong></span> <span class='ocrx_word' id='word_1_253' title='bbox 837 2380 925 2425; x_wconf 76' lang='lat' dir='ltr'><strong>hoc</strong></span> <span class='ocrx_word' id='word_1_254' title='bbox 955 2378 1135 2424; x_wconf 80' lang='lat' dir='ltr'><strong>humani</strong></span> <span class='ocrx_word' id='word_1_255' title='bbox 1164 2377 1334 2440; x_wconf 86' lang='lat' dir='ltr'><strong>generis</strong></span> <span class='ocrx_word' id='word_1_256' title='bbox 1364 2373 1637 2424; x_wconf 80' lang='lat' dir='ltr'><strong>domicilium</strong></span> 
     </span>
     <span class='ocr_line' id='line_1_32' title="bbox 362 2447 1639 2512; baseline -0.003 -16"><span class='ocrx_word' id='word_1_257' title='bbox 362 2451 576 2499; x_wconf 73' lang='lat' dir='ltr'><strong>circuitus·</strong></span> <span class='ocrx_word' id='word_1_258' title='bbox 598 2452 696 2499; x_wconf 64' lang='lat' dir='ltr'><strong>solis</strong></span> <span class='ocrx_word' id='word_1_259' title='bbox 725 2467 775 2497; x_wconf 84' lang='lat' dir='ltr'><strong>ac</strong></span> <span class='ocrx_word' id='word_1_260' title='bbox 801 2451 927 2495; x_wconf 53' lang='lat' dir='ltr'><strong>lamo</strong></span> <span class='ocrx_word' id='word_1_261' title='bbox 954 2451 1127 2497; x_wconf 63' lang='lat' dir='ltr'><strong>vicibus</strong></span> <span class='ocrx_word' id='word_1_262' title='bbox 1146 2450 1233 2497; x_wconf 64' lang='lat' dir='ltr'><strong>suis</strong></span> <span class='ocrx_word' id='word_1_263' title='bbox 1258 2449 1504 2512; x_wconf 82' lang='lat' dir='ltr'><strong>temperet?</strong></span> <span class='ocrx_word' id='word_1_264' title='bbox 1534 2447 1639 2512; x_wconf 70' lang='lat' dir='ltr'><strong>quin</strong></span> 
     </span>
    </p>
   </div>
  </div>
 </body>
</html>
