1742 2967
522 180 629 228 DE
682 181 880 229 VITA
925 183 1199 231 BEATA.
1409 199 1491 247 ¹03

219 285 346 349 Quid
365 286 557 336 erexistis
576 293 725 337 aures?
746 290 850 355 quid
868 290 1084 354 expeditis
1099 291 1265 340 finum?
1285 292 1502 351 Donabit,

221 373 296 408 aut
312 361 461 419 bonis,
479 373 555 408 aut
570 362 632 410 eis
652 380 767 426 quos
784 363 928 411 facere
947 364 1110 426 poterit
1129 364 1285 411 bonos.
1301 365 1503 413 Donabit

222 450 321 479 cum
340 433 515 480 summo
530 435 712 482 consilio
727 471 741 494 ,
760 435 1035 498 digniffimos
1054 435 1239 498 eligens:
1258 450 1306 482 ut
1321 437 1394 499 qui
1409 454 1502 484 me-

214 505 400 562 minerit
418 539 433 559 ‚
464 519 549 552 ram
580 508 873 569 expensorum
901 525 1031 571 quam
1057 520 1339 571 acceptorum
1368 509 1503 556 ratio-

221 593 323 623 nem
344 576 431 624 effe
460 578 747 625 reddendam.
769 580 972 626 Donabit
1002 596 1056 626 ex
1076 581 1191 626 recta
1216 593 1259 628 et
1286 580 1505 643 probabili

213 648 358 709 causa.
391 666 492 696 nam
525 649 643 697 inter
675 665 825 713 turpes
853 651 1037 699 iacun-as
1063 653 1222 699 malum
1246 670 1405 701 munus
1429 652 1503 701 est.

215 719 413 782 *Habebit
448 720 588 768 finum
622 721 826 778 facilem,
860 739 952 768 non
982 723 1254 786 perforatum
1286 741 1297 770 :
1328 741 1383 771 ex
1411 741 1504 789 quo

222 793 358 841 multa
379 807 564 852 exeant,
585 794 694 843 nihil
716 795 903 842 excidat.

286 867 460 915 XXIV.
493 870 644 925 Errat,
674 866 705 914 si
732 869 829 931 quis
857 867 1072 916 existimat
1097 869 1268 918 facilem
1297 886 1390 916 rem
1422 870 1506 919 effe

219 942 400 989 donare.
420 943 665 990 Plurimum
683 942 759 989 ista
780 959 847 989 res
860 943 990 990 habet
1011 943 1300 1003 difficultatis,
1316 945 1347 990 fi
1366 946 1507 992 modo

220 1015 405 1062 consilio
419 1014 648 1073 tribuitur,
663 1032 755 1061 non
774 1015 870 1063 casu
888 1027 931 1062 et
945 1015 1111 1080 impetu
1127 1017 1357 1081 spargitur.
1376 1020 1507 1066 Hunc

222 1104 510 1150 promereor,
536 1089 597 1135 illi
624 1089 764 1135 reddo
786 1107 797 1135 :
827 1089 928 1136 huic
959 1090 1195 1150 succurro,
1220 1093 1347 1140 huius
1376 1092 1506 1141 mise-

216 1177 338 1220 reor.
357 1162 485 1208 Illum
505 1161 697 1218 instruo,
719 1161 898 1225 dignum
919 1179 1049 1225 quem
1072 1181 1163 1212 non
1188 1166 1376 1213 deducat
1398 1183 1507 1229 pau-

224 1247 391 1294 pertas,
419 1251 502 1281 nec
531 1246 796 1301 occupatum
823 1246 982 1281 teneat.
1007 1237 1287 1295 Quibusdam
1313 1254 1403 1284 non
1430 1239 1507 1285 da·

224 1305 308 1361 bo,
329 1306 533 1371 quamvis
560 1305 665 1354 desit
689 1325 699 1352 :
726 1306 827 1368 quia
854 1307 1017 1354 etiamsi
1045 1309 1240 1367 dedero,
1271 1311 1354 1358 erit
1379 1313 1506 1360 defu-

222 1392 382 1427 turum.
411 1380 670 1442 quibusdam
700 1379 882 1427 offeram
900 1414 913 1435 ,
939 1383 1194 1444 quibusdam
1218 1385 1348 1431 etiam
1370 1385 1508 1432 incul-

224 1454 349 1501 cabo.
382 1455 488 1499 Non
519 1453 693 1515 poffum
725 1453 770 1499 in
800 1454 881 1501 hac
915 1472 961 1502 re
993 1456 1075 1503 effe
1107 1457 1354 1521 negligens:
1390 1477 1506 1506 nun-

224 1543 357 1587 quam
383 1526 520 1589 magis
543 1525 723 1572 nomina
745 1525 862 1572 facio
877 1562 889 1584 ‚
915 1544 1043 1588 quam
1065 1545 1164 1574 cum
1187 1530 1325 1577 dono.
1350 1531 1471 1591 Quid
1490 1535 1506 1577 ?

223 1610 271 1644 tu
284 1633 296 1655 ,
320 1599 464 1661 inquis
480 1636 493 1655 ‚
510 1612 764 1662 recepturus
785 1600 949 1648 donas?
975 1599 1116 1647 immo
1134 1617 1226 1648 non
1244 1603 1506 1665 perditurus.

223 1672 290 1717 Eo
320 1672 426 1717 loco
457 1671 507 1717 fit
528 1671 734 1730 donatio,
765 1673 882 1719 unde
914 1673 1049 1735 repeti
1075 1690 1164 1719 non
1187 1674 1364 1730 debeat,
1385 1675 1507 1723 reddi

221 1744 369 1807 poffit.
396 1743 663 1791 Beneficium
700 1745 963 1803 collocetur,
993 1748 1370 1809 quemadmodum
1406 1749 1505 1797 the-

224 1816 371 1864 saurus
398 1816 481 1863 alte
500 1818 682 1864 obrutus
703 1835 715 1863 :
736 1835 866 1880 quem
890 1835 980 1865 non
1002 1836 1123 1867 eruas
1137 1856 1149 1878 ,
1177 1820 1254 1867 nisi
1276 1821 1406 1868 fuerit
1429 1838 1507 1869 ne·

226 1889 352 1935 ceffe.
377 1890 500 1950 Quid
522 1890 682 1936 domus
707 1890 795 1952 ipsa
824 1890 974 1938 divitis
1001 1892 1113 1948 viri,
1145 1908 1349 1955 quantam
1378 1893 1509 1941 habet

226 1961 530 2009 benefaciendi
549 1962 775 2009 materiam
791 1962 807 2007 ?
823 1964 934 2023 Quis
956 1964 1073 2009 enirn
1089 1965 1389 2012 liberalitatem
1410 1979 1509 2012 tan-

221 2046 320 2099 ¹tum
354 2036 408 2081 ad
439 2047 617 2097 togatos
640 2036 801 2082 vocar?
833 2035 1090 2082 hominibus
1125 2036 1325 2097 prodesse
1356 2050 1508 2083 natura

226 2107 350 2154 iubet
368 2126 377 2153 :
399 2108 513 2155 servi
534 2108 718 2155 liberine
736 2108 815 2155 fint
829 2145 842 2166 ,
860 2109 1036 2169 ingenui
1054 2126 1107 2155 an
1127 2109 1347 2166 libertini,
1373 2107 1509 2157 iustae

225 2178 458 2236 libertatis,
486 2197 540 2225 an
572 2181 687 2226 inter
708 2182 876 2228 amicos
906 2182 1053 2238 datae,
1082 2181 1187 2244 quid
1213 2180 1371 2227 refert?
1405 2180 1508 2227 ubi-

226 2269 402 2314 cunque
431 2253 573 2299 homo
595 2253 678 2308 est,
696 2253 768 2300 «ibi
790 2253 1007 2300 beneficio
1025 2253 1148 2300 locus
1168 2253 1242 2299 est.
1269 2253 1410 2300 Potest
1425 2253 1511 2301 ita-

230 2344 318 2390 que
339 2328 570 2390 pecuniam
593 2328 722 2375 etiam
742 2328 854 2374 intra
879 2328 1011 2375 limen
1034 2327 1153 2374 suum
1176 2327 1423 2374 diffundere
1438 2363 1451 2386 ‚
1469 2339 1512 2374 et

230 2401 533 2450 liberalitatem
567 2418 768 2448 exercere
791 2420 801 2448 :
829 2418 940 2465 quae
967 2418 1059 2448 non
1081 2401 1180 2464 quia
1206 2401 1352 2450 liberis
1377 2402 1511 2449 debe-

223 2485 303 2522 rtur
317 2506 332 2531 ‚
351 2474 423 2522 sed
442 2474 545 2539 quia
566 2491 590 2521 a
615 2474 754 2524 libero
771 2474 920 2523 animo
938 2472 1230 2584 proficiscittg
1243 2508 1257 2531 ‚
1286 2472 1347 2520 ita
1363 2473 1513 2522 nomi·

1257 2554 1289 2597 4
