1742 2967
393 175 487 254 m:
529 172 977 253 BaevtTATE
1029 206 1274 252 v1TAE.
1402 220 1458 267 59

200 313 274 361 riti
299 312 508 376 temporis
528 329 706 370 omnes,
734 330 833 359 cum
854 312 1017 358 iusseris
1045 312 1248 366 aderunt,
1272 311 1324 356 ad
1348 311 1461 355 arbi-

200 387 332 433 trium
361 398 483 432 tuum
515 385 556 430 se
586 385 739 448 inspici
770 402 819 432 ac
850 383 1032 432 detineri
1063 385 1274 447 patientur
1304 400 1314 427 :
1341 383 1461 445 quod

199 460 342 508 facere
363 459 584 521 occupatis
611 475 700 505 non
724 451 863 507 vvacat.
885 460 1070 505 Securae
1089 471 1132 504 et
1150 458 1320 519 quietae
1342 472 1462 501 men-

199 534 254 580 tis
277 532 365 591 est,
388 530 431 578 in
448 549 600 579 omnes
616 533 730 579 vitae
755 532 851 579 suae
867 546 1006 597 partes
1024 532 1265 579 discurrere
1287 547 1297 574 t
1326 545 1464 575 occu-

197 617 397 673 patorum
416 604 548 650 animi
570 605 689 651 velut
707 604 781 651 sub
797 606 900 669 iugo
924 605 1019 651 sunt
1035 637 1048 658 ,
1068 603 1240 660 flectere
1264 600 1306 647 se
1325 617 1375 647 ac
1394 617 1461 646 re-

198 675 360 737 spicere
382 692 472 722 non
495 674 682 737 possunt.
715 676 834 723 Abiit
851 677 983 740 igitur
1008 677 1099 723 vita
1119 691 1271 721 eorum
1289 673 1334 738 in
1352 689 1461 735 pro-

198 748 412 804 fundum,
435 761 479 796 et
509 761 557 794 ut
586 748 694 795 nihil
724 748 926 811 prodest,
959 761 1169 811 quantum
1199 746 1302 792 libet
1339 746 1461 809 inge-

197 836 287 878 ras,
314 820 344 866 fi
378 837 468 867 non
494 821 632 868 subest
651 822 772 885 quod
795 821 1006 884 excipiat,
1032 838 1082 866 ac
1105 820 1244 866 servet
1267 837 1277 864 ε
1306 817 1362 864 sic
1392 818 1462 863 ni-

196 891 259 938 hil
287 891 444 950 refert,
471 906 679 958 quantum
710 895 921 957 temporis
949 895 1101 951 detur,
1124 891 1154 937 fi
1185 908 1276 937 non
1300 889 1359 936 est
1386 888 1461 935 ubi

193 964 390 1013 subsidat.
419 982 496 1028 per
525 967 696 1029 quassos
729 966 985 1030 foratosque
1011 966 1184 1012 animos
1211 962 1463 1011 transmitti-

191 1049 278 1086 tur.
303 1037 504 1087 Praesens
523 1052 693 1103 tempus
709 1041 1006 1088 brevissimum
1025 1040 1086 1087 est
1100 1075 1113 1097 ‚
1129 1040 1240 1086 adeo
1255 1037 1430 1100 quidem
1446 1069 1461 1091 ,

193 1119 243 1155 ut
261 1109 519 1172 quibusdam
548 1113 714 1159 nullum
741 1113 940 1160 videatur
961 1129 972 1159 :
994 1113 1039 1158 in
1057 1111 1181 1158 cursu
1209 1109 1326 1156 enirn
1352 1107 1464 1153 sexn-

191 1199 272 1245 per
286 1183 359 1230 est.
381 1184 476 1232 fluit
494 1199 538 1232 et
554 1186 858 1249 praecipitatur
882 1205 892 1232 :
910 1198 1007 1233 ante
1026 1184 1176 1232 desinit
1202 1183 1304 1240 effe,
1324 1197 1454 1244 quam

151 1276 154 1277 ⁷
190 1256 315 1302 venit
339 1275 351 1303 :
381 1274 463 1305 nec
495 1259 632 1322 magis
660 1275 831 1305 moram
865 1259 1050 1321 patitur,
1077 1273 1208 1320 quam
1238 1254 1455 1307 mundus,

188 1340 266 1389 aut,
280 1328 416 1375 sidera
430 1365 445 1386 ,
468 1348 662 1394 quorum
682 1331 911 1394 irrequieta
928 1331 1098 1391 semper
1115 1328 1293 1391 agitatio
1306 1363 1318 1384 ,
1341 1344 1454 1372 nun-

186 1419 319 1466 quam
337 1403 382 1448 in
407 1405 565 1450 eodem
584 1404 770 1468 vestigio
789 1415 949 1468 manet.
980 1404 1128 1450 Solum
1148 1401 1281 1463 igitur
1299 1399 1352 1444 ad
1376 1415 1456 1445 oc-

189 1490 375 1539 cupatos
400 1478 598 1540 praesens
623 1479 811 1542 pertinet
835 1491 1005 1541 tempus
1026 1496 1037 1523 :
1065 1476 1185 1540 quod
1213 1486 1300 1520 tam
1316 1473 1456 1519 breve

186 1550 272 1609 est,
297 1564 346 1598 ut
373 1551 504 1613 arripi
531 1569 621 1598 non
645 1552 804 1615 poffit,
829 1567 873 1599 et
901 1552 945 1599 id
965 1550 1104 1613 ipsum
1129 1547 1230 1602 illis,
1259 1544 1458 1591 distriffis

185 1623 232 1672 in
262 1625 423 1683 multa,
450 1625 713 1671 subducitur.

236 1698 328 1744 -XL
359 1698 563 1760 Denique
596 1697 664 1744 vis
696 1697 836 1755 scire,
863 1712 995 1758 quam
1027 1711 1120 1742 non
1151 1691 1225 1739 diu
1261 1687 1456 1737 vivant?

185 1768 291 1816 vide
315 1785 445 1832 quam
471 1768 649 1831 cupiant
671 1769 744 1815 diu
767 1768 935 1816 vivere.
959 1764 1187 1827 Decrepiti
1207 1763 1327 1810 senes
1348 1775 1456 1822 pau-

184 1856 340 1895 corum
367 1858 581 1888 annorum
609 1842 896 1889 acceffionem
929 1841 1046 1889 votis
1073 1838 1340 1885 mendicant-⁶
1364 1831 1451 1878 nii-

164 1913 314 1960 'nores
334 1924 435 1960 natu
455 1913 495 1961 se
518 1914 634 1977 ipsos
651 1914 735 1960 effe
760 1913 929 1977 fingunt
951 1910 1209 1959 :mendacio
1227 1907 1302 1954 fibi
1326 1906 1450 1952 blan-

184 1983 391 2031 diuntur:
416 1996 460 2032 et
488 1997 577 2030 tam
611 1986 794 2032 libenter
828 1985 1008 2039 fallunt,
1035 1999 1166 2045 quam
1191 1981 1220 2027 fi
1249 1979 1335 2025 fata
1362 1994 1449 2024 vna

184 2058 415 2121 decipiant.
460 2062 547 2105 Iam
583 2076 693 2106 vero
733 2076 832 2107 cum
870 2059 966 2105 illos
1004 2058 1145 2119 aliqua
1181 2053 1450 2101 imbecillitas

185 2128 459 2175 mortalitatis
477 2130 719 2187 admonuit,
740 2128 1113 2192 quemadmodum
1135 2138 1341 2190 paventes
1361 2140 1454 2168 mo-

183 2204 382 2260 riuntur,
403 2219 493 2250 non
520 2216 725 2267 tanquam
754 2219 908 2250 exeant
935 2204 988 2250 de
1015 2203 1128 2258 vita,
1158 2200 1229 2246 sed
1248 2214 1450 2262 tanquam

183 2277 485 2323 extrahantur?
506 2276 653 2322 stultos
667 2276 706 2322 se
724 2275 869 2332 fuisse,
886 2275 1008 2338 quod
1028 2282 1130 2319 non*
1139 2272 1350 2323 vixerint,
1369 2270 1454 2315 cla-

184 2349 366 2403 mitant3
390 2362 432 2395 et
459 2348 488 2394 fi
517 2349 656 2395 modo
686 2348 898 2396 evaserint
925 2363 981 2391 ex
1007 2346 1076 2391 illa
1106 2343 1383 2397 valetudine,
1404 2341 1450 2386 in

183 2421 280 2467 otio
307 2421 512 2469 vidturos.
543 2423 673 2467 Tunc
703 2437 834 2482 quam
864 2418 1020 2483 frustra
1046 2414 1322 2479 paraverint,
1351 2415 1449 2476 qui-

183 2494 265 2543 bus
287 2511 378 2549 non
396 2494 673 2556 fruerentur,
695 2511 828 2560 quam.
852 2491 1057 2554 incassum
1082 2490 1228 2539 omnis
1245 2490 1369 2537 labor
1386 2505 1459 2537 ce-
