1742 2967
273 172 363 232 296
527 172 575 220 L.
618 170 916 246 ANNAEJ
965 171 1318 220 SENECAE

271 294 366 323 non
406 277 645 336 habituris,
691 278 767 325 ubi
800 291 937 325 tantas
971 278 1085 326 vires
1120 296 1323 329 exercere
1359 282 1552 347 possent:

232 388 235 390 .
271 351 417 405 Alius,
450 352 512 398 illi
533 352 609 399 vix
637 369 784 400 rerum
806 367 999 399 naturam
1019 353 1212 400 sufficere
1227 390 1240 413 ,
1269 355 1443 418 angusta
1460 356 1545 404 efl‘e

269 423 465 470 claffibus
485 424 618 469 maria
631 459 645 482 ,
671 423 798 470 militi
818 424 950 471 castra
965 459 977 479 ‚
997 425 1261 488 explicandis
1279 427 1545 489 equestribus

270 496 410 558 copiis
431 496 712 558 campestria,
742 498 821 544 vix
848 511 995 560 patere
1016 499 1190 546 coelum
1211 499 1306 545 satis
1336 500 1389 545 ad
1416 500 1543 547 emit-

268 569 398 615 tenda
428 570 552 615 omni
572 576 702 616 manu
725 571 822 616 tela.
851 572 964 617 Cum
992 571 1038 617 in
1064 571 1179 618 hunc
1199 572 1381 618 modum
1409 574 1545 621 multa

266 641 458 704 undique
477 642 759 700 iakiarentur‚
791 660 900 706 quae
927 643 1155 690 hominem
1187 644 1318 690 nimia
1345 644 1543 691 aestima-

266 713 390 761 tione
413 715 474 762 sui
494 715 711 763 furentem
734 718 1026 775 concitarent,
1049 720 1310 764 Demaratus
1329 719 1543 764 Lacedae-

267 788 443 834 monius
462 787 576 835 solus
595 789 730 843 dixit,
749 789 880 852 ipsam
903 790 1018 836 illam
1038 806 1122 853 qua
1140 790 1214 836 fibi
1233 790 1420 853 placeret
1434 790 1545 835 mul÷

268 859 526 918 titudinem,
563 860 818 925 indigestam
842 875 884 908 et
909 879 1088 926 gravem
1106 896 1119 918 ,
1147 862 1426 910 metuendam
1457 860 1544 907 effe

267 931 443 979 ducenti
459 949 470 978 :
486 949 576 979 non
598 934 714 979 enim
734 935 849 982 vires
863 967 876 988 ‚
898 934 968 980 sed
987 933 1160 996 pondus
1181 933 1336 980 habere
1353 952 1364 980 :
1384 933 1545 979 immo-

267 1004 363 1049 dica
389 1021 614 1067 nunquam
634 1006 726 1068 regi
752 1005 899 1068 posse;
920 1023 1000 1052 nec
1022 1006 1098 1053 diu
1122 1006 1303 1063 durare,
1333 1005 1545 1068 quidquid

266 1078 358 1141 regi
380 1094 470 1124 non
492 1077 649 1140 potest.
678 1082 726 1125 ln
750 1079 896 1141 primo
912 1114 926 1136 ‚
951 1078 1116 1142 inquit,
1135 1079 1275 1125 statim
1295 1090 1446 1125 monte
1464 1079 1546 1124 La-

268 1168 403 1199 cones
429 1151 621 1210 obieffl,
647 1152 811 1200 dabunt
846 1152 927 1199 tibi
959 1152 1023 1199 sui
1050 1152 1413 1216 experimentum.
1452 1153 1546 1198 Tot

266 1225 342 1272 ista
364 1227 557 1289 gentium
586 1227 722 1273 millia
750 1225 935 1273 trecenti
966 1229 1279 1282 morabuntur,
1312 1225 1549 1273 haerebunt

267 1298 313 1345 in
339 1299 522 1362 vestigio
547 1298 650 1357 fixi,
679 1313 723 1346 et
756 1300 1001 1347 commiffas
1027 1300 1103 1347 fibi
1123 1299 1336 1364 angustias
1361 1299 1547 1346 tuebun-

268 1384 340 1418 tur
355 1404 369 1425 ‚
399 1383 441 1416 et
459 1372 719 1434 corporibus
737 1372 975 1419 obstruent.
992 1385 1084 1420 tota
1102 1373 1199 1419 illos
1218 1372 1316 1419 Afia
1338 1388 1428 1418 non
1448 1387 1548 1416 mo—

272 1446 393 1492 vebit
418 1446 540 1492 loco,
568 1456 708 1492 tan-tas
733 1446 868 1493 minas
889 1446 1020 1500 belli,
1047 1459 1090 1494 et
1107 1462 1243 1508 paene
1262 1446 1398 1492 totius
1418 1460 1549 1508 gene-

270 1518 329 1564 ris
350 1518 527 1564 humani
549 1519 712 1565 ruentis
741 1519 951 1580 impetum
968 1554 981 1578 ‚
1006 1518 1247 1581 pauciffimi
1270 1517 1548 1564 sustinebunt.

272 1592 387 1637 Cum
411 1605 454 1638 te
487 1591 661 1638 mutatis
685 1592 849 1654 legibus
878 1591 960 1639 suis
990 1603 1138 1638 natura
1164 1591 1474 1650 transmiserit,
1502 1591 1548 1637 in

273 1664 424 1711 semita
456 1665 678 1722 haerebis,
709 1679 752 1711 et
784 1666 1028 1713 aestimabis
1056 1665 1197 1714 futura
1232 1667 1414 1723 damna,
1448 1682 1546 1712 cum

275 1739 492 1803 putaveris
521 1739 671 1801 quanti
696 1740 1107 1804 Thermopylarum
1138 1740 1309 1806 angusta
1342 1740 1548 1788 constite-

274 1810 374 1856 rint.
400 1810 519 1857 Scies
541 1822 583 1858 te
605 1810 743 1874 fugari
765 1811 885 1875 poffe
900 1848 914 1869 ‚
933 1829 1033 1859 cum
1052 1812 1195 1859 scieris
1216 1812 1334 1875 posse
1357 1810 1548 1858 retineri.

275 1884 447 1929 Cedent
481 1884 660 1945 quidem
694 1885 773 1931 tibi
809 1886 1002 1948 pluribus
1027 1885 1166 1941 locis,
1193 1885 1310 1932 velut
1344 1885 1549 1931 torrentis

276 1958 416 2004 modo
439 1958 597 2016 ablati,
627 1959 751 2007 cuius
782 1977 884 2006 cum
919 1977 1081 2023 magno
1115 1972 1282 2007 terrore
1314 1960 1452 2022 prima
1484 1959 1552 2007 vis

281 2030 433 2078 defluit
450 2049 463 2078 ε’
494 2032 652 2080 deinde
681 2033 782 2080 hinc
801 2045 931 2095 atque
952 2033 1069 2079 illinc
1095 2032 1372 2087 coorientur,
1400 2045 1444 2078 et
1467 2030 1552 2077 tuis

280 2119 320 2153 te
344 2105 510 2153 viribus
530 2119 744 2168 prement.
768 2110 932 2154 Verum
957 2106 1017 2154 est
1041 2107 1162 2170 quod
1191 2106 1350 2162 dicitur
1365 2141 1378 2162 ,
1409 2104 1549 2151 maio-

279 2196 369 2226 rem
403 2180 504 2226 belli
533 2196 786 2245 apparatum
823 2181 936 2238 effe,
965 2196 1094 2243 quam
1128 2179 1205 2243 qui
1235 2178 1373 2241 recipi
1405 2178 1458 2224 ab
1487 2176 1552 2223 his

279 2252 533 2316 regionibus
572 2254 725 2316 possir,
771 2270 877 2316 quas
911 2268 1163 2316 oppugnare
1199 2250 1433 2298 constituis.
1465 2249 1551 2295 Sed

281 2323 384 2370 haec
410 2341 476 2371 res
507 2336 660 2371 contra
689 2341 770 2372 nos
799 2324 860 2372 est
889 2343 900 2370 :
925 2324 986 2370 ob
1008 2324 1097 2370 hoc
1125 2322 1264 2385 ipsum
1293 2333 1335 2367 te
1365 2319 1548 2367 Graecia

282 2395 454 2453 vincet,
480 2396 581 2460 quia
609 2415 698 2444 non
727 2398 854 2461 capit.
875 2397 936 2443 uti
963 2408 1064 2442 toto
1084 2410 1127 2441 te
1153 2411 1241 2441 non
1262 2406 1402 2457 potes.
1421 2396 1550 2440 Prae·

279 2481 394 2517 terea
406 2504 421 2529 ,
449 2486 558 2536 quae
579 2487 664 2518 una
682 2472 808 2518 rebus
827 2471 932 2518 salus
950 2468 1034 2528 est,
1053 2483 1287 2516 occurrere
1303 2466 1358 2514 ad
1379 2466 1550 2527 primos
