1742 2967
347 188 448 240 DE
494 190 972 238 CLEMENTIA
1026 193 1249 240 LIB.1‚.
1372 208 1435 256 29

153 315 283 363 quam
308 298 351 345 in
379 299 548 357 alienis,
569 298 836 345 exorabiiior
860 299 1042 345 iniuriis.
1078 301 1194 345 Nam
1221 302 1434 363 quemad-

154 372 338 417 modum
369 388 460 416 non
487 371 547 417 est
577 371 724 434 magni
751 370 911 427 animi,
937 371 1014 433 qui
1034 371 1087 417 de
1114 371 1258 417 alieno
1277 372 1438 418 libera-

153 443 205 489 lis
233 441 322 500 est,
348 444 418 490 sed
440 443 510 489 ille
537 442 611 505 qui
638 443 758 505 quod
783 443 903 488 alteri
929 444 1090 498 donat,
1114 442 1191 487 fibi
1220 444 1439 492 detrahit:

155 517 214 562 ita
244 518 505 563 clementem
536 518 742 571 vocabo,
772 534 863 563 non
894 517 938 562 in
970 517 1114 564 alieno
1141 518 1298 564 dolore
1324 517 1437 565 faci-

155 589 243 635 lem
259 625 272 647 ,
303 589 374 651 sed
397 606 498 635 eum
518 589 591 652 qui
614 606 716 635 cum
743 588 826 635 suis
853 588 1033 635 stimulis
1051 591 1292 654 exagitetur
1308 623 1321 646 ‚
1345 608 1437 638 non

156 662 324 724 prosilit
350 679 360 707 :
387 663 462 725 qui
487 662 688 725 intelligit
714 662 859 723 magni
885 661 1019 707 animi
1051 662 1159 717 effe,
1191 663 1368 710 iniurias
1393 664 1440 710 in

157 735 325 780 summa
356 735 551 797 potentia
579 735 698 796 pati,
730 750 811 780 nec
844 734 1083 797 quidquam
1110 734 1191 781 effe
1211 735 1443 798 gloriosius

156 808 356 870 principe
379 809 557 870 impune
587 807 716 854 laeso,
1115 839 1118 854 .

222 880 348 926 XXI.
388 880 511 926 Ultio
532 880 637 941 duas
656 896 721 926 res
745 876 960 942 praestare
981 879 1091 927 solet
1112 897 1123 926 τ
1146 891 1218 926 aut
1238 880 1439 928 solatium

157 953 281 1000 affert
306 953 345 1000 ei
372 955 449 1017 qui
477 954 648 1016 accepit
673 954 873 1000 iniuriam
893 990 906 1011 ‚
927 954 1061 1000 autin
1083 954 1300 1016 reliquum
1319 953 1443 1001 secu-

159 1027 343 1074 ritatem.
363 1026 578 1089 Principis
602 1027 745 1072 maior
762 1026 822 1073 est
843 1026 1020 1072 fortuna
1036 1062 1049 1084 ,
1070 1042 1200 1089 quam
1219 1038 1265 1070 ut
1284 1024 1441 1073 solatio

157 1112 284 1163 egeat
302 1119 312 1147 ε
335 1099 697 1164 manifestiorque
715 1100 806 1157 vis,
823 1117 954 1163 quam
976 1115 1024 1146 ut
1040 1101 1184 1146 alieno
1205 1100 1324 1145 malo
1344 1099 1445 1162 opi-

159 1174 339 1220 nionem
366 1174 442 1220 fibi
464 1174 629 1221 virium
651 1186 840 1236 quaerat.
864 1175 967 1220 Hoc
988 1174 1112 1230 dico,
1135 1191 1233 1219 cum
1253 1174 1306 1219 ab
1330 1174 1445 1219 infe-

158 1247 350 1294 rioribus
379 1248 541 1310 petitus
566 1248 844 1310 violatusque
868 1247 942 1295 est.
968 1265 1068 1294 nam
1095 1247 1125 1293 fi
1144 1283 1158 1304 ‚
1183 1263 1296 1310 quos
1320 1262 1445 1309 pares

159 1321 392 1384 aliquando
421 1321 596 1379 habuit,
623 1320 737 1367 infra
756 1321 797 1367 se
819 1321 965 1377 videt,
992 1321 1086 1367 satis
1105 1321 1348 1366 vindicatus
1369 1321 1444 1366 est.

159 1394 326 1456 Regem
344 1405 387 1440 et
405 1392 556 1440 servus
575 1393 762 1451 occidit,
777 1406 820 1440 et
839 1393 1014 1455 serpens
1026 1405 1094 1451 ‚et
1110 1392 1283 1456 sagitta:
1299 1389 1445 1438 serva-

158 1466 224 1512 vit
246 1466 425 1529 quidem
447 1483 582 1512 nemo
597 1503 611 1523 ,
637 1466 715 1512 nisi
743 1467 889 1512 maior
909 1483 964 1513 eo
984 1483 1115 1530 quem
1138 1466 1342 1514 servavit.
1361 1466 1443 1514 Uti

144 1536 307 1600 'itaque
333 1538 526 1585 animose
555 1539 685 1587 debet
713 1551 837 1587 tanto
866 1556 1049 1586 munere
1071 1539 1285 1596 deorum,
1311 1539 1446 1588 dandi

159 1610 475 1674 auferendique
499 1613 636 1660 vitam
663 1625 850 1676 potens:
872 1612 916 1658 in
941 1612 1007 1661 his
1033 1613 1302 1676 praesertim,
1329 1630 1447 1677 quos

159 1683 238 1731 scit
256 1684 494 1746 aliquando
518 1684 653 1733 {imile
679 1685 895 1749 fastigium
921 1685 1154 1732 obtinuisse
1177 1704 1187 1731 :
1216 1686 1304 1732 hoc
1327 1686 1446 1732 arbi-

158 1755 290 1803 trium
309 1757 511 1818 adeptus,
533 1758 746 1804 ultionem
767 1759 990 1821 implevit,
1019 1758 1290 1821 perfecitque
1308 1776 1446 1822 quan-

159 1840 252 1875 tum
278 1844 408 1876 verae
439 1845 608 1892 poenae
636 1830 733 1877 satis
763 1843 868 1877 erat.
901 1830 1095 1877 Perdidit
1123 1830 1238 1877 enim
1273 1831 1406 1877 vitam
1430 1863 1447 1886 ‚

160 1901 241 1964 qui
271 1902 401 1949 debet
422 1921 432 1949 :
459 1916 504 1950 et
524 1903 718 1967 quisquis
743 1920 797 1949 ex
822 1905 909 1950 aito
935 1905 985 1950 ad
1017 1902 1184 1950 inimici
1213 1904 1346 1966 pedes
1367 1906 1446 1950 ab-

161 1972 325 2030 ieEtus,
360 1975 546 2022 alienam
572 1977 627 2022 de
653 1976 796 2038 capite
824 1992 1053 2039 regnoque
1082 1975 1336 2022 sententiam
1367 1994 1445 2024 exa

160 2046 389 2108 spectavit‚
408 2048 453 2093 in
468 2048 702 2095 servatoris
720 2048 782 2094 sui
803 2048 987 2110 gloriam
1010 2047 1144 2104 vivit,
1158 2048 1340 2111 plusque
1360 2065 1445 2094 no-

161 2120 272 2165 mini
301 2120 391 2167 eius
417 2121 590 2168 confert
611 2121 849 2168 incolumis
863 2157 876 2177 ,
896 2137 1025 2184 quam
1044 2120 1076 2166 fi
1095 2137 1147 2166 ex
1167 2121 1308 2167 oculi5
1327 2121 1445 2167 abla-

161 2206 232 2240 tus
252 2194 365 2241 effer.
389 2194 619 2241 Affiduum
646 2195 764 2242 enim
792 2195 1083 2257 spectaculum
1113 2195 1275 2241 alienae
1300 2195 1445 2242 virtu-

161 2265 216 2314 tis
234 2265 295 2312 est
317 2284 327 2312 ε
358 2267 402 2312 in
428 2267 655 2330 triumpho
685 2268 775 2314 cito
801 2266 1023 2314 tranfiffet.
1045 2266 1088 2312 Si
1119 2283 1230 2314 vero
1261 2283 1444 2330 regnum

162 2357 346 2404 quoque
370 2342 493 2388 suum
519 2353 618 2389 tuto
637 2341 823 2404 relinqui
847 2341 964 2403 apud
987 2357 1087 2386 eum
1112 2341 1284 2402 potuit,
1313 2357 1447 2403 repo-

163 2414 295 2478 nique
315 2431 370 2460 eo
401 2415 516 2461 unde
546 2415 797 2462 deciderat:
820 2412 984 2476 ingenti
1013 2413 1288 2460 incremento
1314 2415 1446 2476 surgit

163 2487 255 2536 laus
283 2488 376 2537 eius
400 2523 415 2547 ‚
453 2488 530 2554 qui
557 2500 790 2537 contentus
818 2486 901 2536 fuit
922 2523 936 2546 ‚
969 2504 1025 2535 ex
1055 2504 1159 2551 rege
1187 2487 1309 2537 vicio
1338 2487 1447 2536 nihil
