1742 2967
14 443 27 485 Ι

362 192 460 239 DE
509 188 964 236 BENEFICIIS
1013 190 1148 236 ΜΒ.
1191 193 1249 236 v.
1352 206 1442 252 249

165 297 371 357 tulissem,
393 296 607 345 beneficia
633 309 900 346 vocarentur
925 314 936 343 :
963 313 1098 359 quare
1120 296 1148 342 fi
1171 296 1215 342 in
1242 313 1311 343 me
1331 314 1444 343 con-

164 373 273 430 tuli,
298 389 390 420 non
421 372 532 419 fint?
575 373 746 432 Quodfi
784 372 838 418 ab
872 371 1006 418 altero
1040 370 1294 433 accepissem
1317 405 1331 426 ,
1365 373 1442 418 de-

162 448 314 495 berem
333 465 345 494 :
375 463 508 510 quare
528 445 559 492 fi
580 445 688 492 mihi
707 446 794 510 ipse
814 445 940 502 dedi,
960 461 1050 491 non
1076 445 1288 491 debeam?
1323 447 1444 505 Qua-

159 538 208 568 re
236 520 313 566 fim
334 520 539 567 adversus
562 536 634 566 me
657 519 878 581 ingratus:
911 518 1034 579 quod
1056 534 1148 563 non
1174 517 1315 564 minus
1345 534 1441 564 tur-

161 611 217 657 pe
233 594 316 652 est,
335 610 467 657 quam
492 594 605 644 in.se
632 594 854 641 sordidum
880 592 965 638 effe
981 628 994 649 ,
1021 606 1063 639 et
1084 593 1128 638 in
1147 593 1188 639 se
1213 594 1368 639 durum
1389 611 1441 641 ac

160 669 333 715 saevum
348 702 362 725 ,
379 679 423 713 et
440 667 502 713 sui
524 667 844 731 negligentem?
865 666 979 711 Tam
1002 665 1128 712 alieni
1146 667 1350 728 corporis
1374 667 1440 713 le·

158 758 220 788 no
252 740 363 786 male
382 741 528 799 audit,
555 758 686 804 quam
709 740 784 786 sui.
821 740 993 799 Nempe
1020 739 1352 801 reprehenditur
1382 740 1445 786 as-

156 813 368 868 sentator,
396 824 440 861 et
465 813 602 860 aliena
630 812 891 873 subsequens
918 812 1073 868 verba,
1092 826 1261 874 paratus
1285 813 1338 857 ad
1359 812 1440 857 fal-

155 890 196 937 sa
213 889 415 939 laudator
437 907 448 936 :
470 907 561 938 non
581 890 723 936 minus
743 891 918 952 placens
943 889 1045 946 fibi,
1071 903 1115 935 et
1134 888 1175 934 se
1194 889 1439 952 suspiciens,

156 979 215 1017 et,
234 975 281 1009 ut
291 963 349 1009 ita
365 963 526 1019 dicam,
540 962 773 1008 assentator
790 961 899 1007 suus.
918 960 1035 1006 Vitia
1050 975 1141 1005 non
1156 972 1322 1006 tantum
1337 978 1440 1008 cum

155 1036 262 1083 foris
281 1047 480 1099 peccant,
497 1036 635 1083 invisa
663 1036 772 1093 sunt,
793 1034 866 1083 sed
884 1051 985 1081 cum
1002 1033 1046 1079 in
1062 1033 1103 1079 se
1120 1045 1443 1097 retorquentur.

155 1113 303 1170 Quem
316 1111 452 1174 magis
464 1110 903 1172 admiraberis,quam
913 1108 989 1173 qui
1005 1107 1191 1170 imperat
1203 1107 1296 1164 fibi,
1308 1125 1439 1170 quam

152 1184 228 1246 qui
247 1185 288 1230 se
303 1183 434 1230 habet
450 1184 496 1229 in
515 1181 753 1246 potestate?
780 1184 945 1229 Gentes
960 1179 1129 1227 facilius
1146 1179 1205 1227 est
1224 1180 1440 1238 barbaras,

151 1255 517 1319 impatientesque
535 1255 664 1301 alieni
686 1254 880 1311 arbitrii,
898 1270 1047 1316 regere
1063 1287 1076 1310 ‚
1096 1268 1224 1314 quam
1243 1252 1438 1298 animum

152 1327 275 1374 suum
304 1327 532 1373 continere
555 1361 568 1382 ‚
588 1338 631 1372 et
659 1327 828 1373 tradere
854 1324 944 1371 fibi.
982 1325 1127 1381 Plato,
1150 1323 1324 1386 inquit,
1351 1326 1439 1386 agit

150 1399 319 1447 Socrati
341 1398 524 1462 gratias,
547 1399 671 1462 quod
695 1399 749 1445 ab
771 1398 848 1444 illo
875 1397 1028 1444 didicit
1049 1415 1060 1443 ε
1081 1413 1215 1460 quare
1241 1398 1438 1445 Socrates

151 1470 229 1516 sibi
258 1487 348 1517 non
379 1479 504 1534 agat,
532 1471 655 1534 quod
688 1469 778 1532 ipse
808 1469 849 1516 se
880 1469 1066 1516 docuit?
1100 1471 1162 1515 M.
1200 1469 1313 1514 Cato
1342 1468 1434 1514 ait:

151 1543 295 1603 Quod
325 1543 405 1589 tibi
439 1542 584 1600 deest,
615 1561 639 1590 a
663 1558 705 1590 te
729 1543 823 1605 ipso
855 1556 1062 1591 mutuare.
1110 1561 1244 1607 quare
1272 1545 1438 1591 donare

116 1659 120 1662 .
150 1606 260 1662 mih'i
285 1632 376 1662 non
399 1616 597 1678 possum,
614 1616 645 1662 fi
671 1619 962 1664 commodare
992 1617 1199 1680 possum?
1233 1621 1435 1664 innume-

149 1687 296 1734 rabilia
324 1689 452 1747 sunt,
480 1689 525 1734 in
552 1689 709 1753 quibus
733 1691 1003 1737 consuetudo
1032 1707 1114 1737 nos
1141 1690 1312 1737 dividit.
1343 1692 1432 1737 Di—

150 1777 250 1808 cere
268 1761 454 1808 solemus
474 1762 600 1808 :Sine
622 1762 780 1826 loquar
797 1780 972 1810 mecum
994 1780 1004 1809 ε
1025 1776 1087 1818 et,
1110 1765 1204 1825 Ego
1224 1763 1328 1810 mihi
1357 1780 1432 1809 au-

147 1850 239 1879 rem
268 1835 520 1896 pervessam.
561 1837 688 1894 Quae
714 1836 743 1880 fi
770 1852 876 1881 vera
910 1837 1030 1892 sunt,
1053 1836 1432 1898 quemadmodum

80 1920 92 1931 *
145 1909 299 1974 a1iquis
316 1909 394 1956 fibi
413 1909 536 1958 irasci
557 1911 703 1965 debet,
726 1910 783 1957 fic
796 1925 839 1958 et
858 1912 1011 1975 gratias
1027 1928 1173 1974 agere:
1193 1910 1430 1973 quomodo

146 1982 388 2046 obiurgare
404 1984 476 2038 se,
508 1985 566 2032 fic
594 2000 638 2032 et
666 1985 869 2031 laudare:
900 1985 1135 2047 quomodo
1163 1986 1325 2029 damno
1350 1983 1427 2028 fibi

146 2055 252 2114 effe,
277 2057 335 2104 fic
362 2062 414 2104 etv
433 2058 559 2106 lucro
582 2050 739 2121 potest.
776 2058 935 2104 Iniuria
957 2070 998 2103 et
1020 2056 1282 2104 beneficium
1315 2073 1429 2104 con⁴

143 2129 273 2176 traria
296 2132 404 2180 sunt.
423 2132 453 2178 fi
474 2134 528 2180 de
547 2133 696 2195 aliquo
723 2133 908 2179 dicimus
923 2169 935 2189 ,
964 2125 1170 2179 Iniuriam
1190 2131 1267 2179 fibi
1293 2132 1424 2180 fecit:

144 2205 388 2266 poterimus
417 2206 591 2264 dicere,
618 2207 882 2253 Beneficium
910 2207 986 2253 fibi
1016 2205 1149 2253 dedit.

206 2280 322 2325 vlu,
365 2280 514 2326 Nemo
537 2280 615 2326 fibi
640 2281 783 2327 debet.
819 2291 970 2344 natura
996 2280 1115 2343 prius
1142 2280 1227 2336 est,
1256 2291 1303 2325 ut
1327 2281 1424 2342 quis

144 2351 302 2399 debeat
316 2388 331 2409 ‚
354 2353 511 2399 deinde
528 2365 575 2398 ut
592 2354 773 2416 gratiam
793 2353 967 2399 referat.
992 2353 1166 2399 debitor
1184 2370 1272 2399 non
1296 2353 1356 2399 est
1376 2355 1422 2399 fi-

142 2443 198 2473 ne
223 2427 463 2485 creditore,
493 2444 584 2473 non
612 2429 749 2490 magis
776 2445 906 2490 quam
933 2429 1112 2475 maritus
1139 2429 1225 2474 fine
1252 2445 1419 2483 uxore,

142 2511 214 2547 aut
236 2499 323 2546 fine
347 2498 440 2547 filio
459 2510 594 2564 pater.
629 2501 796 2564 Aliquis
820 2502 922 2550 dare
948 2502 1098 2562 debet,
1119 2512 1165 2548 ut
1180 2501 1331 2566 aliquis
1348 2518 1420 2547 ac-
