1742 2967
311 225 400 267 mo
533 211 1331 261 L.ANNAE!SENECAE

301 317 495 382 primum
523 317 615 365 eius
645 330 793 371 ortum
826 318 1020 381 stupent,
1051 332 1094 366 et
1120 320 1297 368 latibula
1328 321 1400 368 sua
1432 320 1585 385 paffim

299 403 478 455 petunt,
503 391 720 438 abduntur
742 391 787 437 in
815 391 979 454 aliquas
1003 392 1136 440 rimas
1163 394 1319 441 timida
1342 394 1462 441 lucis.
1495 397 1587 442 Ge-

299 463 437 520 mite,
459 478 502 511 et
527 463 752 510 infelicem
781 463 975 528 linguam
1002 465 1227 513 bonorum
1254 479 1457 513 exercete
1476 483 1586 514 con-

298 538 436 585 vicio.
450 536 610 604 &sta-tf?
630 569 644 592 ,
672 537 983 587 commordete
1005 554 1017 582 :
1046 537 1174 584 citius
1207 538 1350 585 multo
1375 539 1582 603 frangetis

297 612 474 669 dentes,
506 627 640 675 quam
672 609 948 673 imprimeris.
999 611 1150 670 Quare
1185 611 1255 658 ille
1281 612 1585 675 philosophiae

294 683 507 730 studiosus
537 682 619 740 est,
645 695 689 730 et
711 697 801 729 tam
831 683 954 730 dives
986 683 1122 729 vitam
1149 685 1272 748 agit?
1308 701 1442 748 quare
1472 688 1583 748 opes

293 757 640 804 contemnendas
674 755 812 811 dicit,
842 769 886 802 et
919 756 1086 802 habet?
1119 757 1257 803 viram
1289 773 1580 816 contemnen-

292 831 392 877 dam
427 843 575 894 putat,
603 842 648 877 et
679 840 827 876 tamen
860 828 1015 877 vivit?
1043 828 1338 877 valetudinem
1374 843 1579 878 contem-

289 903 477 950 nendam
495 939 508 960 ,
535 918 579 949 et
600 913 744 949 tamen
768 902 885 948 illam
913 901 1233 965 diligentifiime
1252 914 1426 961 tuetur,
1448 917 1580 968 atque

289 975 506 1039 optimam
531 975 716 1023 mavult.
753 976 807 1022 Et
831 975 1031 1021 exsilium
1056 990 1220 1022 nomen
1239 992 1401 1023 vanum
1428 990 1578 1039 putat,

287 1061 331 1094 et
353 1048 440 1105 ait,
466 1048 590 1109 Quid
612 1047 673 1095 est
697 1048 813 1095 enim
842 1047 968 1104 mali,
995 1059 1165 1093 mutare
1190 1047 1428 1110 regiones?
1455 1062 1577 1096 et'taa·

286 1137 388 1167 men
402 1157 413 1177 ‚
434 1120 463 1166 fi
481 1121 584 1167 licet
600 1156 614 1176 ,
634 1120 812 1167 senescit
830 1120 874 1165 in
893 1119 1057 1182 patria?
1080 1121 1133 1164 Et
1147 1119 1261 1165 inter
1280 1119 1452 1182 longius
1469 1133 1575 1168 tem·

284 1209 367 1256 pus
390 1207 433 1239 et
458 1192 635 1239 brevius
665 1192 772 1237 nihil
800 1190 998 1238 interesse
1027 1190 1220 1239 iudicat:
1249 1204 1394 1239 tamen
1415 1194 1444 1238 si
1467 1194 1575 1240 nihil

282 1265 489 1329 prohibet
510 1301 523 1323 ‚
558 1264 756 1312 extendit
793 1278 1007 1322 aetatem,
1038 1278 1084 1312 et
1111 1263 1155 1310 in
1190 1265 1326 1313 multa
1361 1266 1574 1315 seneffiue

283 1337 478 1401 placidus
504 1336 651 1383 viret?
683 1337 760 1383 Ait
785 1335 860 1382 ista
890 1336 1052 1383 debere
1082 1336 1342 1382 contemni:
1374 1353 1574 1394 non,-ne

283 1409 441 1455 habeat
461 1425 476 1464 ;
506 1408 579 1454 sed
599 1425 654 1455 ne
683 1407 874 1455 solicitus
901 1407 1068 1453 habeat.
1099 1421 1191 1451 non
1209 1405 1345 1469 abigit
1361 1407 1433 1453 illa
1451 1425 1472 1453 a
1495 1408 1536 1455 se
1557 1425 1569 1456 ε

282 1485 357 1532 sed
388 1483 587 1530 abeuntia
619 1482 792 1531 securus
824 1481 1124 1545 prosequitur.
1159 1480 1354 1527 Divitias
1387 1482 1566 1544 quidem

280 1558 355 1604 nbi
380 1557 513 1604 tutius
532 1554 711 1602 fortuna
732 1555 941 1618 deponet,
963 1570 1094 1617 quam
1113 1552 1191 1608 ibi,
1217 1554 1332 1600 unde
1350 1553 1437 1600 fine
1454 1572 1567 1617 que-

279 1632 368 1678 rela
392 1629 613 1677 reddentis
642 1642 872 1692 receptura
899 1627 993 1674 est?
1018 1627 1083 1674 M.
1111 1627 1225 1673 Cato
1245 1643 1346 1673 cum
1372 1627 1568 1675 laudaret

281 1704 467 1751 Curium
499 1715 542 1749 et
572 1701 937 1759 Coruncanium,
972 1715 1016 1747 et
1042 1700 1237 1747 seculum
1264 1699 1372 1746 illud
1398 1700 1443 1745 in
1471 1717 1565 1763 quo

279 1774 526 1825 censorium
546 1775 714 1822 crimen
731 1787 844 1830 erat,
862 1790 1025 1836 paucae
1041 1772 1209 1836 argenti
1228 1772 1439 1827 lamellae,
1459 1773 1563 1835 pos·

276 1851 440 1897 fidebat
458 1849 547 1912 ipse
571 1849 927 1913 quadringenties
946 1846 1182 1893 sestertium
1199 1863 1209 1890 :
1227 1845 1368 1892 minus
1386 1845 1471 1892 siue
1491 1838 1565 1893 du-

276 1923 354 1970 bio
382 1938 512 1984 quam
537 1920 730 1977 Crassus,
750 1921 846 1982 plus
869 1930 1015 1965 tamen
1035 1927 1168 1981 quam
1189 1916 1412 1964 censorius
1433 1917 1561 1964 Cato.

277 1995 453 2041 Maiore
477 1992 617 2056 spatio
635 2029 649 2052 ‚
675 1993 706 2039 fi
734 2004 1075 2055 comparentur,
1111 2007 1328 2053 proavum
1364 1991 1560 2048 vicerat,

276 2085 409 2132 quam
437 2084 461 2113 a
488 2066 642 2113 Craffo
668 2067 934 2114 vinceretur.
978 2068 1032 2112 Et
1059 2063 1088 2111 fi
1114 2065 1304 2111 maiores
1327 2064 1384 2110 illi
1416 2066 1557 2112 obve-

275 2141 430 2189 niffent
454 2157 588 2202 opes,
614 2155 704 2185 non
738 2138 975 2201 sprevisset.
995 2154 1075 2184 nec
1096 2138 1214 2184 enim
1236 2136 1277 2184 se
1301 2137 1465 2200 sapiens
1489 2138 1556 2184 in·
1586 2175 1594 2185 i

274 2215 456 2278 dignum
478 2214 577 2260 ullis
592 2214 844 2260 muneribus
862 2212 1052 2260 fortuitis
1071 2225 1204 2276 putat.
1231 2212 1338 2258 Non
1357 2223 1471 2258 amat
1490 2212 1556 2258 di—

275 2287 429 2344 vitias,
455 2287 527 2333 sed
552 2287 746 2332 mavult:
771 2286 927 2331 nonin
947 2285 1142 2331 animum
1172 2284 1289 2340 iilas,
1315 2283 1389 2331 sed
1410 2283 1454 2329 in
1473 2283 1556 2330 do-

274 2374 398 2405 mum
426 2358 581 2421 recipit
602 2375 614 2403 :
641 2374 723 2404 nec
741 2357 904 2419 respuit
930 2355 1134 2420 polleffas
1148 2390 1161 2411 ,
1177 2355 1249 2402 sed
1271 2357 1490 2412 continet,
1511 2367 1553 2401 et

274 2431 488 2479 maiorem
514 2430 665 2478 virtuti
685 2430 783 2477 suae
801 2430 1027 2476 materiam
1048 2427 1358 2476 subministrari
1381 2431 1490 2475 vult.
1573 2428 1575 2431 ’

340 2504 490 2553 xxu.
514 2504 636 2566 Quid
662 2518 811 2552 autem
842 2503 964 2551 dubii
986 2501 1048 2550 est
1062 2537 1078 2564 ‚
1108 2502 1217 2566 quin
1245 2502 1389 2553 maior
1413 2513 1551 2549 mate·
