1742 2967
335 228 391 275 5²
570 216 962 270 LANNAE1
1014 225 1378 274 SENECAE

327 317 523 383 priorem
549 334 730 370 aetatem
754 326 1027 388 complorat,
1059 340 1102 375 et
1126 329 1181 375 de
1206 328 1416 393 praesenti
1445 331 1595 395 queri-

325 408 400 440 tur
418 429 431 453 ‚
450 411 494 441 et
512 397 565 442 de
586 395 730 443 futura
746 397 952 461 desperat.
981 402 1282 450 Semiliberum
1312 403 1354 451 se
1383 403 1495 452 dixit
1511 407 1594 452 Ci-

327 481 447 513 cer0.
475 479 516 514 at
537 469 805 518 mehercules
825 488 1049 535 nunquam
1071 473 1272 535 sapiens
1261 492 1306 521 tn
1324 486 1411 521 tam
1431 477 1592 524 humile

324 555 490 587 nomen
511 543 748 603 procedet,
775 561 997 608 nunquam
1027 546 1241 593 semiliber
1265 548 1378 594 erit:
1400 549 1592 612 integrae

323 611 493 676 semper
510 615 714 664 libertatis
740 630 783 664 et
801 617 984 674 solidae,
1003 612 1194 674 solutus,
1224 636 1268 667 et
1288 620 1386 667 sui'
1375 622 1508 680 ruris,
1529 623 1591 668 al-

322 684 413 732 tior
441 688 608 737 ceteris.
637 692 726 750 Qu
727 692 760 737 d
788 692 903 738 enim
932 693 1056 755 supra
1084 709 1182 740 eum
1214 693 1355 757 potest
1379 695 1490 754 effe,
1515 694 1590 760 qui

320 756 450 822 supra
469 767 691 809 tortunam
712 763 795 810 est.
787 764 804 797 Ἀ

385 833 458 878 VI.
483 833 631 880 Livius
648 834 839 888 Drusus,
861 835 930 882 vir
949 852 1046 882 acer
1065 850 1106 883 et
1126 838 1362 886 vehemens
1379 875 1391 894 ‚
1410 856 1508 886 cum
1526 839 1588 887 le—

316 921 392 969 ges
410 922 550 954 novas
569 922 612 953 et
640 908 752 953 mala
775 909 1030 955 Gracchana
1061 910 1286 968 movisset,
1315 910 1491 974 stipatus
1517 912 1587 958 in-

315 980 433 1042 genti
454 979 532 1027 toti
537 995 585 1026 us
604 980 749 1028 Italiae
779 994 934 1039 coetu,
955 982 1118 1028 exitum
1146 1000 1290 1029 rerum
1313 1000 1403 1030 non
1431 985 1587 1047 provi-

316 1051 457 1110 dens,
487 1069 591 1117 quas
612 1070 692 1101 nec
712 1070 836 1117 agere
856 1054 1044 1107 licebat,
1075 1071 1152 1102 nec
1183 1056 1268 1101 iam
1289 1056 1472 1102 liberum
1496 1071 1588 1104 erat

315 1123 448 1172 semel
479 1125 704 1172 inchoatas
729 1126 1003 1188 relinquere,
1041 1140 1265 1173 execratus
1294 1127 1529 1190 inquietam
1562 1144 1586 1175 a

316 1197 567 1259 primordiis
586 1197 745 1256 vitam,
763 1197 917 1244 dicitur
936 1196 1106 1255 dixisse,
1124 1199 1213 1244 Um
1230 1198 1332 1255 fibi
1346 1216 1425 1247 nec
1445 1216 1588 1263 puero

315 1270 494 1333 quidem
506 1306 520 1328 ‚
539 1286 731 1333 unquam
750 1268 877 1315 ferias
893 1268 1132 1333 contigisse.
1153 1269 1287 1316 Ausus
1304 1270 1421 1316 enim
1437 1283 1481 1316 et
1499 1288 1585 1333 pu-

315 1343 441 1406 pillus
459 1342 600 1390 adhuc
618 1357 661 1388 et
677 1353 987 1404 praetextatus,
1006 1341 1220 1388 iudicibus
1240 1358 1338 1388 reos
1355 1358 1585 1390 commen-

314 1414 419 1460 dare
433 1449 447 1471 ‚
469 1427 512 1461 et
530 1412 709 1477 gratiam
730 1412 847 1460 suam
866 1412 970 1458 foro
991 1413 1272 1476 interponere
1291 1426 1379 1460 tam
1396 1414 1584 1462 efficaci-

313 1498 408 1546 ter,
432 1500 482 1535 ut
506 1488 718 1551 quaedam
746 1486 911 1533 iudicia
937 1485 1106 1533 constet
1127 1485 1181 1532 ab
1205 1486 1279 1532 illo
1303 1499 1439 1549 rapta.
1473 1490 1584 1549 Quo

313 1579 407 1610 non
441 1562 700 1624 irrumperet
736 1574 824 1607 tam
860 1559 1090 1607 immatura
1125 1559 1346 1607 ambitio?
1380 1561 1506 1608 scires
1535 1562 1581 1609 in

314 1635 475 1681 malum
500 1635 670 1699 ingens,
699 1647 743 1681 et
762 1633 1009 1696 privatum,
1040 1644 1082 1681 et
1109 1632 1331 1695 publicum
1357 1633 1581 1681 evasuram

315 1708 432 1756 illam
454 1722 541 1756 tam
561 1723 857 1772 praecoquem
874 1705 1111 1754 audaciam.
1132 1707 1242 1752 Sero
1258 1705 1403 1768 itaque
1424 1721 1581 1769 quere·

312 1780 466 1839 batur,
495 1780 630 1828 nullas
649 1779 727 1828 fibi
757 1779 886 1828 ferias
914 1777 1172 1843 contigisse:
1202 1795 1227 1825 a
1244 1794 1382 1841 puero
1400 1778 1581 1826 seditio·

312 1856 406 1913 sus,
438 1871 481 1904 et
498 1856 602 1903 foro
626 1854 786 1919 gravis.
813 1855 1104 1917 Disputatur,
1126 1868 1182 1899 an
1211 1852 1299 1915 ipse
1327 1852 1404 1899 fibi
1429 1869 1580 1900 manus

309 1928 516 1977 attulerit.
545 1927 688 1975 subito
716 1927 834 1974 enim
860 1928 1041 1974 vulnere
1074 1943 1151 1990 per
1175 1925 1333 1990 inguen
1364 1937 1544 1989 accepto
1562 1959 1578 1982 ,

310 2003 526 2066 collapsus
544 2002 636 2050 est:
662 2003 811 2066 aliquo
836 2002 1082 2060 dubitante,
1112 2018 1165 2048 an
1185 2018 1304 2049 mors
1330 2001 1577 2049 voluntaria

311 2076 418 2124 effet
439 2095 451 2123 ε
479 2077 620 2132 nullo,
638 2093 691 2123 an
717 2076 986 2140 tempestiva.
1008 2079 1338 2138 Supervacuum
1361 2075 1425 2123 est
1451 2092 1577 2123 com·

312 2163 559 2195 memorare
585 2148 727 2211 plures
747 2163 757 2193 ε
777 2146 851 2210 qui
880 2163 980 2193 cum
1000 2147 1092 2194 aliis
1117 2145 1346 2194 felicissimi
1374 2147 1576 2194 videren-

309 2233 403 2281 tur,
422 2223 500 2287 ipsi
519 2223 563 2270 in
582 2224 623 2271 se
642 2239 798 2270 verum
817 2221 1112 2269 testimonium
1136 2222 1358 2277 dixerunt,
1379 2222 1573 2286 proden-

310 2307 372 2342 tes
392 2311 572 2343 omnem
594 2295 730 2341 affirm
752 2311 967 2342 annorum
988 2295 1176 2341 suorum.
1196 2295 1281 2342 Sed
1307 2294 1372 2341 his
1388 2294 1574 2358 querelis
1620 2299 1625 2306 ’“

311 2383 393 2413 nec
412 2368 517 2415 alios
534 2381 839 2423 mutaverunt,
859 2384 937 2415 nec
962 2368 1002 2415 se
1023 2367 1151 2431 iplos.
1172 2368 1287 2414 Nam
1315 2385 1412 2415 cum
1436 2367 1573 2414 verba

311 2452 576 2500 eruperunt,
613 2438 808 2486 affec'tus
829 2440 883 2486 ad
917 2439 1276 2487 consuetudinem
1310 2429 1570 2486 relabuntur.

308 2513 346 2557 Χ
351 2510 458 2558 essra
477 2513 724 2560 mehercule
738 2513 855 2572 vita,
878 2513 977 2561 licet
995 2513 1118 2576 supra
1138 2513 1254 2561 mille
1271 2528 1407 2560 annos
1423 2528 1572 2573 exeat,
