1742 2967
305 178 396 222 204
465 165 514 210 L.
539 163 683 212 ANN.
713 164 835 211 SEN.
868 163 952 210 DE
988 119 1301 210 BENEFIolrs
1334 164 1382 211 L.
1411 165 1483 211 111.

299 269 446 314 nactus
478 267 726 314 adolescens
755 267 966 315 secretum
983 303 995 322 ‚
1028 267 1196 332 stringit
1222 269 1490 316 occultatum
1519 267 1576 315 fi-'

301 356 360 385 nu
381 339 542 387 ferrum
564 371 577 393 ‚
595 351 663 396 et,
690 338 779 385 Nifi
807 339 943 396 iuras,
968 339 1136 402 inquit,
1156 355 1197 387 te
1223 343 1338 387 diem
1369 341 1477 403 patri
1504 357 1577 389 re-

302 411 526 457 missurum
542 443 556 465 ‚
578 412 664 457 hoc
690 423 731 455 te
749 407 892 472 gladio
911 411 1208 458 transfodiam.
1235 416 1281 458 ln
1302 426 1372 458 tua
1387 413 1577 474 potesta-

300 496 345 528 te
376 482 456 539 est,
483 495 584 529 utro
613 483 753 528 modo
780 494 901 544 pater
923 499 1043 528 meus
1069 483 1361 530 accusatorem
1390 502 1480 531 non
1499 486 1576 531 ha-

300 553 412 600 beat.
446 554 610 599 Iuravit
640 552 839 599 tribunus
867 570 877 599 :
910 569 989 600 nec
1019 552 1201 609 fefellit,
1229 569 1270 601 et
1301 557 1468 602 causam
1500 573 1578 603 ac-

300 624 434 670 tionis
452 623 652 670 remiffae
669 623 878 670 concioni
898 624 1099 670 reddidit.
1125 624 1241 670 Nulli
1261 625 1330 672 alii
1356 625 1477 673 licuit
1496 626 1580 673 im·-

300 712 418 758 pune
442 697 665 743 tribunum
696 696 739 742 in
766 697 968 743 ordinem
997 698 1205 760 redigere.

368 768 627 814 XXXVIII.
648 768 745 814 Alia
769 785 823 815 ex
850 768 942 814 aliis
966 769 1165 830 exempla
1194 768 1375 818 subeunt
1399 787 1579 830 eorum,

300 841 377 905 qui
406 853 603 903 parentes
629 840 727 885 suos
753 840 958 902 periculis
989 841 1263 902 eripuerunt,
1289 842 1363 905 qui
1393 860 1447 888 ex
1478 841 1594 897 infir

303 931 381 960 mo
407 915 461 960 ad
487 913 704 960 summum
735 913 1035 975 protulerunt,
1057 927 1100 960 et
1127 931 1149 960 e
1175 914 1299 976 plebe
1330 931 1582 977 acervoque

301 988 488 1050 ignobili
520 1003 743 1048 nunquam
771 988 981 1033 tacendos
1012 987 1160 1033 seculis
1197 989 1423 1035 dederunt.
1452 989 1584 1034 Nulla

305 1060 353 1107 vi
372 1059 609 1106 verborum
625 1091 638 1113 ‚
658 1059 773 1104 nulla
800 1059 963 1120 ingenii
982 1058 1181 1105 facultate
1207 1060 1395 1121 exprimi
1423 1060 1583 1123 potest,

304 1143 515 1194 quantum
528 1147 641 1192 opus
655 1130 718 1185 sit,
731 1147 860 1193 quam
878 1131 1107 1186 laudabile,
1124 1149 1343 1196 quamque
1358 1149 1580 1195 nunquam

306 1221 329 1250 a
343 1205 557 1251 memoria
572 1206 801 1251 hominum
820 1207 1036 1251 exiturum
1051 1239 1062 1260 ,
1081 1206 1201 1266 poss'e
1223 1207 1309 1251 hoc
1323 1207 1466 1252 dicere
1485 1208 1585 1252 :Pa-

303 1278 496 1325 rentibus
525 1279 631 1324 meis
659 1277 807 1340 parui,
834 1277 956 1324 ceffi:
980 1278 1169 1340 imperio
1196 1279 1482 1334 eorum,os1ve
1512 1297 1584 1326 ae-

304 1368 473 1413 quum,
509 1351 595 1398 five
625 1352 823 1414 iniquum
851 1368 902 1397 ac
932 1352 1090 1397 durum
1123 1351 1237 1408 fuit,
1267 1350 1582 1414 obsequentem

305 1424 646 1488 submissumque
670 1443 740 1472 me
765 1425 945 1488 praebui
966 1443 975 1471 :
1000 1425 1055 1471 ad
1075 1425 1162 1470 hoc
1187 1441 1322 1470 unum
1344 1436 1586 1471 contumax

306 1497 396 1555 fui,
423 1516 475 1546 ne
494 1499 714 1547 beneficiis
740 1501 954 1547 vincerer.
983 1500 1185 1556 Certate‚
1204 1500 1389 1546 obsecro
1410 1513 1516 1555 vos,
1543 1508 1587 1543 et

303 1572 385 1618 fufi
414 1590 591 1636 quoque
624 1574 833 1620 restituite
860 1574 1015 1619 aciem.
1047 1572 1233 1628 Felices,
1260 1572 1335 1634 qui
1368 1570 1585 1617 vicerint:

306 1645 480 1702 felices,
502 1647 576 1710 qui
604 1646 845 1693 vincentur.
871 1646 994 1706 Quid
1023 1661 1078 1691 eo
1101 1642 1370 1691 adolescente
1393 1643 1586 1707 praecla-

303 1719 419 1776 rius,
441 1722 515 1784 qui
537 1721 612 1767 fibi
632 1722 709 1783 ipsi
728 1721 869 1768 dicere
895 1719 1054 1783 poterit
1072 1737 1082 1765 ε
1115 1718 1280 1783 (neque
1307 1719 1420 1765 enim
1442 1718 1503 1764 fas
1523 1716 1585 1763 est

307 1793 426 1838 alteri
450 1793 620 1858 dicere)
641 1797 808 1840 Patrem
827 1811 973 1842 meum
999 1792 1220 1839 beneficiis
1245 1793 1361 1839 vici?
1384 1792 1503 1852 Quid
1528 1806 1584 1837 eo

305 1865 565 1915 fortunatius
598 1867 720 1925 sene,
753 1868 828 1930 qui
862 1867 1068 1914 omnibus
1100 1867 1260 1928 ubique
1291 1865 1584 1928 praedicabit,

309 1954 332 1984 a
353 1938 446 1984 filio
470 1939 547 1985 suo
575 1941 615 1987 se
645 1940 865 1987 beneficiis
889 1941 1086 1987 vielum?
1122 1940 1244 2007 Quid
1265 1952 1408 1986 autem
1439 1938 1500 1986 est
1517 1938 1584 1986 fe-

296 2010 454 2070 ‚licius,
489 2030 621 2076 quam
650 2013 728 2060 fibi
759 2014 948 2061 cedere?
