1742 2967
279 191 382 255 DE
427 204 907 256 CLEMENTIA
960 206 1092 256 ΜΒ.
1141 205 1174 256 ι.
1308 223 1363 274 25

86 315 140 364 lis
158 313 348 362 minatur
370 333 381 363 ε
403 315 625 364 contunde
647 315 764 362 enim
783 316 974 373 animos,
1001 329 1045 362 et
1073 314 1290 379 quidquid
1307 315 1371 364 est

85 388 276 445 indolis,
299 388 623 436 comminuetur
637 387 931 450 trepidatione
949 387 1153 450 degeneri
1179 405 1189 434 ε
1212 404 1292 434 nec
1311 388 1368 434 li·-

84 461 272 508 centiam
303 459 489 523 vagandi
522 460 785 524 errandique
819 459 970 522 passim
1001 460 1221 510 concedit.
1261 461 1365 506 Ad-

84 531 207 580 iicias
229 533 293 580 his
317 533 418 580 licet
433 567 447 590 ‚
474 533 668 580 tardiora
699 546 875 596 agentes
897 532 1087 580 iumenta
1107 550 1118 577 :
1139 549 1249 595 quse
1268 549 1373 579 cum

84 606 138 652 ad
169 605 455 653 contumelias
491 619 534 653 et
553 606 745 653 miserias
771 622 871 655 nata
896 606 1002 665 sint,
1036 605 1169 652 nimia
1188 606 1368 654 saevitia

84 692 304 743 coguntur
326 681 476 743 iugum
494 681 744 728 detreciare.

157 753 306 800 XVII.
327 754 522 799 >Nullum
553 753 713 800 animal
731 754 949 802 morofius
974 754 1064 810 est,
1091 755 1255 802 nullum
1275 771 1375 802 ma=

85 824 181 873 iore
202 838 291 875 arte
313 828 611 886 traciandum,
637 845 768 891 quam
795 828 963 885 h01n03
983 829 1088 875 nulli
1116 831 1251 893 magis
1271 847 1374 892 par-

87 900 289 946 cendum.
337 901 462 960 Quid
489 901 605 948 enim
635 901 826 960 stultius,
857 918 989 965 quam
1015 902 1060 948 in
1092 903 1299 949 iumentis
1328 912 1372 949 et

88 972 266 1020 canibus
297 974 575 1033 erubescere,
611 974 722 1021 iram
757 991 989 1033 exercere,
1020 975 1197 1037 pessima
1227 988 1374 1022 aurem

88 1045 347 1093 conditione
374 1047 451 1093 sub
478 1047 660 1093 homine
690 1047 918 1096 hominem
941 1047 1054 1096 effe?
1084 1049 1256 1095 Morbis
1278 1066 1374 1095 me«

88 1118 271 1176 demur,
302 1136 382 1166 nec
400 1120 627 1167 irascimur
649 1138 660 1167 ε
681 1122 799 1184 atqui
820 1134 863 1167 et
888 1122 961 1168 hic
988 1123 1169 1170 morbus
1191 1123 1252 1169 est
1278 1124 1376 1169 ani-¹

87 1191 150 1236 mi
168 1208 179 1237 :
199 1192 377 1238 mollem
396 1192 662 1239 medicinam
690 1192 921 1247 desiderat,
945 1192 1173 1256 ipsumque
1194 1195 1374 1241 meden-

89 1277 178 1310 tem
206 1264 390 1311 minime
422 1264 627 1311 infestum
661 1280 809 1328 aegro,
848 1266 953 1312 Mali
981 1266 1140 1313 medici
1164 1266 1256 1325 est,
1293 1268 1375 1315 de-

88 1337 281 1398 sperare,
303 1354 358 1384 ne
382 1354 520 1384 cures,
557 1337 680 1384 Idem
705 1337 751 1383 in
778 1336 872 1394 his,
897 1354 1091 1399 quorum
1122 1339 1290 1386 animus
1310 1339 1377 1385 af-

89 1407 227 1456 feEms
251 1407 339 1467 est,
370 1409 511 1457 facere
537 1408 739 1466 debebit,
769 1409 839 1456 cui
857 1410 1022 1456 credita
1048 1409 1155 1457 salus
1174 1412 1378 1459 omnium

88 1481 150 1528 est
169 1499 180 1527 ε
201 1498 293 1528 non
323 1482 414 1528 cito
448 1483 569 1544 spem
602 1483 852 1545 proficere,
886 1500 968 1531 nec
995 1484 1228 1532 mortifera
1260 1486 1375 1549 figna

90 1553 390 1615 pronuntiare.
414 1555 624 1602 Luciam
640 1572 740 1602 cum
760 1555 882 1603 vitiis
897 1591 910 1612 ‚
928 1555 1117 1611 resistam
1138 1557 1231 1604 aliis
1252 1574 1375 1605 mor-

90 1628 197 1675 bum
236 1627 358 1674 suum
408 1630 679 1692 exprobrem
721 1631 941 1693 quosdam
978 1630 1104 1676 molli
1150 1631 1376 1679 curatione

92 1700 303 1763 decipiat,
336 1701 462 1749 citius
486 1702 726 1764 meliusque
748 1701 968 1748 sanaturus
986 1702 1190 1749 remediis
1222 1701 1378 1749 fallen-

91 1775 222 1821 tibus.
248 1777 356 1837 Agat
378 1775 588 1836 Princeps
606 1791 758 1821 curam
778 1811 792 1830 ,
812 1770 905 1820 no³n
929 1786 1093 1820 tantum
1119 1773 1258 1822 salutis
1278 1811 1291 1834 ,
1310 1775 1382 1821 sed

92 1849 222 1896 etiam
240 1848 444 1896 honestae
465 1848 694 1896 cicatricis.
713 1849 848 1894 Nulla
870 1849 962 1912 regi
981 1848 1118 1913 gloria
1138 1848 1200 1896 est
1218 1866 1272 1897 ex
1291 1849 1380 1897 sae-

91 1938 152 1970 va
167 1920 558 1968 animadversione.
589 1921 688 1984 quis
701 1921 817 1968 enim
837 1920 1006 1967 dubitat
1025 1920 1180 1983 poffe?
1205 1934 1248 1967 at
1268 1937 1380 1967 con-

91 2010 156 2043 tra
179 1994 390 2052 maxima,
411 1994 442 2040 fi
462 1995 554 2042 vim
575 1994 694 2041 suam
713 1993 910 2041 continet
927 2026 942 2049 ‚
955 1992 986 2038 fi
1007 1992 1171 2040 multos
1190 1992 1279 2041 irae
1300 1993 1379 2041 ali-

92 2085 199 2115 enae
217 2067 396 2130 eripuit,
419 2068 639 2115 neminem
660 2066 757 2114 suae
783 2066 1017 2130 impendit.

159 2142 325 2187 XVIII.
357 2137 501 2188 Servis
528 2140 743 2202 imperare
767 2140 992 2186 moderate
1009 2170 1024 2194 ‚
1047 2137 1137 2185 laus
1162 2137 1222 2184 est
1242 2154 1253 2184 τ
1273 2137 1377 2185 etin

86 2212 320 2275 ‘mancipio
351 2213 630 2276 cogitandum
664 2212 750 2269 est,
788 2228 880 2259 non
913 2224 1124 2275 quantum
1158 2211 1266 2257 illud
1292 2212 1378 2257 im*

91 2303 209 2348 pune
238 2287 330 2350 pati
359 2286 519 2349 poffir,
550 2287 623 2333 sed
649 2301 860 2350 quantum
882 2287 962 2332 tibi
991 2285 1217 2349 permittat
1249 2285 1381 2349 aequi

95 2361 294 2425 bonique
315 2374 466 2408 natura
486 2379 496 2408 :
529 2378 638 2425 quae
657 2378 835 2423 parcere
855 2360 984 2407 etiam
1007 2361 1196 2423 captivis
1225 2375 1270 2408 et
1288 2377 1383 2423 pre-

94 2433 159 2480 tio
203 2434 357 2496 paratis
397 2434 529 2480 iubet.
564 2435 748 2493 Quanto
778 2432 928 2479 iustius
963 2433 1086 2480 iubet
1126 2433 1385 2481 hominibus

92 2506 264 2568 liberis,
288 2506 512 2572 ingenuis,
533 2505 749 2565 honestis,
781 2522 874 2554 non
901 2519 950 2555 ut
975 2507 1208 2572 mancipiis
1235 2506 1354 2557 abuti
1366 2541 1381 2563 ,
