1742 2967
352 199 455 247 DE
501 199 950 256 BENEFJCIIS
1003 202 1130 247 ΜΒ.
1177 196 1235 248 v.
1347 218 1433 268 245

157 307 237 355 bus
254 306 432 370 gratiam
451 306 612 355 referre
631 324 721 354 non
741 306 886 370 poffis.
919 309 958 353 A
980 307 1248 370 principibus
1266 308 1367 356 dico
1382 346 1395 367 ‚
1414 327 1439 356 a

156 381 330 443 regibus
350 398 360 428 :
383 397 495 444 quos
514 397 570 427 eo
589 381 692 429 loco
722 380 899 427 fortuna
916 381 1060 445 posuit
1074 417 1087 437 ‚
1104 398 1160 427 ex
1180 397 1271 444 quo
1295 381 1440 444 largiri

156 452 294 498 multa
319 452 517 516 possent,
534 469 669 515 pauca
696 453 935 499 admodum
962 466 1005 499 et
1033 453 1218 516 imparia
1239 452 1349 502 datis
1370 470 1441 499 re-

157 525 338 588 cepturi.
368 527 510 589 Reges
527 525 807 588 etprincipes
829 526 944 584 dixi,
965 527 1119 588 quibus
1137 538 1281 573 tamen
1302 527 1442 587 potest

158 615 293 662 opera
325 599 509 655 navari,
535 611 576 645 et
596 615 787 663 quorum
808 600 877 647 illa
898 600 1116 647 excellens
1139 602 1335 662 potentia
1363 618 1441 662 per

157 674 381 721 minorum
413 675 670 722 consensum
701 674 1076 738 ministeriumque
1108 676 1287 723 constat.
1337 676 1443 721 Sunt

157 746 336 810 quidam
357 760 477 794 extra
503 765 682 796 omnem
713 748 911 795 subduffl
939 749 1222 810 cupiditatem
1237 784 1250 806 ,
1266 748 1343 812 qui
1366 748 1442 794 vix

158 819 255 867 ullis
285 820 483 867 humanis
512 820 731 868 desideriis
767 819 1112 883 continguntur:
1149 819 1307 882 quibus
1338 820 1444 866 nihil

161 892 303 953 potest
332 893 544 955 praestare
573 892 663 956 ipsa
698 892 892 939 fortuna.
926 891 1094 939 necesse
1123 891 1184 939 est
1211 909 1236 938 a
1265 893 1445 938 Socrate

159 962 380 1010 beneficio
400 964 554 1011 vincar
573 982 583 1010 ε
603 964 769 1011 neceffe
787 963 847 1011 est
867 981 890 1010 a
907 963 1114 1026 Diogene
1129 998 1143 1018 ‚
1162 963 1239 1026 qui
1257 979 1334 1025 per
1353 979 1444 1008 me-

161 1037 252 1084 dias
279 1039 578 1086 Macedonum
601 1055 722 1102 gazas
751 1039 890 1085 nudus
915 1037 1082 1084 inceffit
1099 1073 1112 1095 ,
1133 1037 1303 1084 calcatis
1319 1037 1447 1100 regiis

161 1111 336 1173 opibus.
368 1115 412 1158 O
432 1130 510 1159 nae
530 1113 601 1159 ille
621 1124 723 1164 tunc
745 1113 906 1158 merito
923 1122 967 1158 et
989 1109 1066 1156 fibi
1083 1124 1127 1156 et
1144 1110 1296 1156 ceteris
1311 1140 1325 1164 ,
1347 1110 1444 1171 qui-

160 1184 241 1231 bus
259 1184 314 1230 ad
330 1184 640 1246 dispiciendam
658 1186 890 1230 verita-tem
912 1199 1004 1233 non
1025 1193 1116 1229 erat
1133 1181 1270 1228 offusa
1288 1181 1445 1244 caligo,

161 1257 287 1320 supra
305 1275 406 1304 eum
433 1258 625 1305 eminere
645 1258 759 1304 visus
777 1257 837 1303 est
850 1293 864 1313 ‚
881 1255 993 1302 infra
1012 1271 1143 1318 quem
1164 1254 1313 1300 omnia
1330 1255 1448 1301 iace-

161 1328 266 1376 bant
287 1330 304 1376 ?
343 1330 485 1376 Multo
506 1330 761 1393 potentior,
781 1329 922 1376 multo
953 1327 1219 1390 locupletior
1246 1325 1329 1372 fuit
1347 1342 1446 1372 om-

162 1399 234 1445 nia
251 1412 356 1447 tunc
373 1401 615 1463 poffidente
644 1402 905 1448 Alexandro,
939 1400 1033 1462 plus
1052 1398 1169 1446 enim
1187 1410 1304 1456 erat,
1323 1399 1447 1462 quod

160 1471 233 1519 hic
253 1473 388 1519 nollet
413 1473 635 1535 accipere,
667 1491 798 1538 quam
823 1474 948 1536 quod
971 1472 1039 1518 ille
1063 1470 1205 1533 poffet
1233 1471 1350 1518 dare.

232 1548 291 1593 V.
324 1546 431 1591 Non
459 1545 520 1592 est
537 1559 667 1609 turpe
682 1582 696 1605 ,
714 1547 768 1592 ab
796 1545 861 1591 his
883 1543 1017 1592 vinci.
1053 1559 1197 1605 neque
1222 1541 1340 1589 enim
1364 1541 1450 1590 mi-

165 1635 245 1672 nus
266 1617 396 1666 fortis
423 1618 517 1665 sum
535 1653 548 1674 ,
572 1617 602 1664 fi
619 1636 718 1666 cum
752 1616 1059 1665 invulnerabili
1080 1633 1151 1662 me
1173 1614 1298 1662 hoste
1320 1631 1452 1663 corn·

164 1690 298 1737 mittis
316 1707 324 1732 :
355 1705 435 1736 nec
453 1689 555 1737 ideo
575 1691 684 1754 ignis
703 1691 846 1737 minus
866 1705 995 1735 urere
1011 1687 1152 1750 potest
1166 1722 1181 1744 ,
1194 1686 1226 1732 fi
1246 1687 1292 1733 in
1310 1703 1451 1734 mate-

165 1765 276 1811 riam
303 1763 457 1810 incidit
486 1764 782 1811 inviolabilem
812 1761 1028 1808 flammis:
1051 1777 1133 1808 nec
1159 1760 1262 1808 ideo
1285 1760 1451 1807 ferrum

165 1837 337 1890 secandi
358 1836 451 1883 vim
473 1837 691 1902 perdidit,
716 1837 747 1883 fi
764 1853 855 1882 non
874 1834 1089 1896 recipiens
1109 1833 1244 1879 idum
1263 1834 1370 1895 lapis
1386 1833 1452 1880 so-

166 1911 278 1960 lidus
291 1944 305 1968 ,
318 1909 598 1972 inviftaeque
613 1909 818 1957 adversus
834 1909 938 1953 dura
966 1921 1144 1953 naturae
1159 1941 1173 1965 ‚
1191 1906 1453 1953 dividendus

166 1984 240 2031 est.
263 1984 385 2035 Idem
403 1982 481 2028 tibi
500 1984 553 2029 de
573 1982 754 2029 homine
779 1992 904 2045 grato
933 1978 1195 2041 respondeo.
1227 1980 1334 2025 Non
1358 1991 1452 2025 tur·

169 2056 508 2120 piteryincitur
540 2054 762 2102 beneficiis
782 2089 795 2111 ,
824 2052 853 2098 fi
874 2052 928 2098 ab
958 2052 1024 2098 his
1051 2052 1269 2115 obligatus
1288 2051 1369 2110 est,
1398 2051 1451 2099 ad

169 2147 282 2194 quos
300 2141 373 2175 aut
399 2129 603 2175 fortunae
627 2128 886 2191 magnitudo
901 2161 914 2183 ‚
933 2139 1005 2173 aut
1023 2125 1184 2172 eximia
1203 2126 1342 2173 virtus
1358 2126 1454 2172 adi-

170 2221 262 2252 tum
287 2205 492 2253 redituris
505 2206 560 2252 ad
578 2205 620 2250 se
634 2203 858 2250 beneficiis
872 2201 1028 2250 claufit.
1048 2204 1084 2246 A
1098 2200 1349 2263 parentibus
1363 2200 1454 2247 fere

168 2278 406 2326 vincimur.
426 2294 525 2326 nam
544 2288 632 2323 tam
652 2278 727 2324 diu
744 2277 840 2323 illos
855 2276 966 2323 odio
982 2275 1208 2332 habemus,
1226 2292 1358 2338 quam
1378 2275 1454 2322 diu

171 2370 325 2416 graves
342 2353 609 2410 iudicamus,
628 2362 670 2397 et
689 2368 820 2414 quam
840 2351 916 2396 diu
935 2349 1148 2397 beneficia
1163 2349 1341 2395 illorum
1361 2365 1455 2397 non

171 2429 467 2492 intelligimus.
488 2429 602 2474 Cum
621 2427 708 2472 iam
728 2437 842 2472 aetas
860 2424 1022 2487 aliquid
1045 2422 1300 2486 prudentiae
1320 2423 1457 2470 colle-

174 2501 237 2564 git
253 2537 269 2558 ,
289 2515 332 2548 et
363 2514 572 2564 apparere
604 2498 750 2562 coepit
767 2532 782 2555 ‚
804 2509 985 2564 propter
1009 2496 1077 2543 illa
1104 2495 1304 2605 {places
1325 2495 1459 2542 amari

1120 2602 1151 2620 ι
1180 2576 1199 2619 3
