1742 2967
398 203 502 251 DE
543 201 977 251 BENEFI'CIIS
1028 206 1157 253 LI-B.
1205 208 1285 254 lv.
1386 224 1472 271 215

207 322 308 355 cura
330 306 538 354 sanctiore
556 307 889 372 componimus,
906 326 1037 373 quam
1065 310 1188 374 quod
1205 311 1262 357 ad
1282 326 1363 359 nos
1385 328 1478 359 non

208 392 411 444 pertinet.

271 454 370 501 ΧΠ.
395 456 448 500 Et
475 453 720 502 mehercule
747 467 852 502 tun-c
871 471 1024 517 magna
1049 455 1256 518 voluptas
1279 454 1389 502 subit
1407 471 1481 502 co-

208 526 442 590 gitantem,
476 528 606 574 Hunc
643 544 726 591 ego
760 520 1097 589 locupletiorem
1129 525 1286 573 faciam
1308 560 1322 582 ,
1355 527 1506 586 huius*

207 600 425 663 dignitati,
453 600 625 647 adieffis
653 600 841 663 opibus,
870 598 1036 663 aliquid
1065 598 1304 661 splendoris
1335 597 1479 646 affun-

207 670 321 718 dam.
358 673 401 719 Si
429 690 517 719 non
547 674 699 720 damus
731 673 968 730 beneficia,
1000 671 1077 718 nisi
1107 673 1350 735 recepturi,
1370 672 1482 718 inte-

207 742 325 790 statis
342 746 619 791 moriendum
640 744 702 790 fit.
722 744 882 791 Dicitis
898 779 911 801 ,
927 744 1069 806 inquit
1084 779 1096 800 ,
1116 743 1377 790 beneficium
1395 759 1481 790 cre—

210 815 350 862 ditum
379 816 611 863 insolubile
643 816 725 863 effe
751 834 762 863 ε
793 815 1007 863 creditum
1042 827 1184 861 autem
1215 833 1305 862 non
1334 815 1393 861 est
1417 831 1485 861 res

210 903 289 948 per
312 887 355 934 se
378 889 629 950 expetenda.
668 889 783 934 Cum
817 888 1028 935 creditum
1057 886 1270 943 dicimus,
1297 887 1484 949 imagine

210 976 255 1008 et
284 962 560 1008 transsatione
581 962 757 1009 utimur.
785 962 854 1009 Sic
878 977 921 1008 et
941 961 1080 1024 legem
1099 992 1114 1016 ‚
1137 960 1234 1007 iusti
1259 960 1486 1025 iniustique

209 1034 403 1098 regulam
427 1034 540 1081 effe:
564 1048 608 1082 et
638 1035 782 1098 regula
807 1051 895 1081 non
926 1033 987 1081 est
1014 1050 1083 1081 res
1108 1050 1186 1097 per
1209 1033 1251 1080 se
1273 1047 1485 1096 expeten-

212 1108 280 1155 da.
310 1108 381 1154 Ad
408 1108 516 1154 haec
534 1107 664 1155 verba
693 1106 1051 1154 demonstrandae
1071 1106 1139 1152 'rei
1160 1106 1280 1153 causa
1307 1107 1486 1154 descen-

210 1180 367 1227 dimus.
394 1181 509 1226 Cum
530 1180 632 1227 dico
650 1179 883 1236 creditum,
903 1179 1153 1243 intelligitur
1172 1191 1378 1243 tanquam
1401 1197 1491 1228 cre«-

211 1254 366 1301 ditum.
393 1254 470 1301 Vis
493 1253 599 1301 scire
620 1253 637 1300 ?
668 1252 829 1300 adiicio
852 1252 1082 1299 insolubile
1098 1287 1113 1309 ,
1138 1269 1238 1299 cum
1267 1254 1484 1299 creditum

213 1327 380 1372 nullum
412 1342 503 1372 non
532 1325 644 1373 solvi
670 1337 744 1371 aut
771 1324 933 1387 poffit‚
961 1336 1035 1371 aut
1062 1325 1230 1371 debeat.
1259 1325 1383 1371 Adeo
1413 1325 1488 1371 be·

212 1399 421 1447 aeficium
450 1399 645 1447 utilitatis
672 1398 793 1446 causa
824 1399 1011 1445 dandum
1037 1414 1127 1444 non
1153 1397 1240 1455 est,
1266 1409 1313 1444 ut
1338 1397 1488 1460 saepe,

212 1473 592 1535 quemadmodum
622 1471 738 1530 dixi,
767 1488 870 1518 cum
897 1472 1059 1518 damno
1077 1487 1126 1516 ac
1156 1470 1351 1533 periculo
1382 1471 1489 1516 dan-

210 1547 317 1592 dum
348 1546 410 1592 fit.
450 1546 519 1592 Sic
552 1545 794 1592 latronibus
822 1543 1170 1590 circumventum
1199 1543 1414 1598 defendo,
1442 1555 1491 1590 ut

213 1630 309 1664 tuto
336 1616 511 1664 tranfire
541 1617 818 1679 permittatur
851 1636 867 1662 τ
899 1631 1033 1662 reum·
1051 1614 1186 1678 gratia
1215 1615 1485 1661 laborantem

213 1690 374 1748 tueor,
396 1702 440 1737 et
456 1689 685 1736 hominum
706 1689 952 1752 potentium
978 1688 1210 1735 faffionem
1229 1689 1273 1734 in
1292 1704 1361 1733 me
1383 1706 1491 1734 con-

214 1774 370 1821 verto,
399 1778 504 1825 quas
533 1761 596 1808 illi
624 1762 854 1809 detraxero
884 1760 1055 1817 sordes,
1087 1760 1165 1806 sub
1196 1759 1487 1806 accensator}-

213 1835 294 1882 bus
316 1835 469 1881 iisdem
495 1833 672 1882 fortaffe
703 1833 918 1880 sumturus
931 1863 954 1887 ,,
973 1849 1074 1878 cum
1097 1831 1215 1878 abire
1244 1831 1288 1876 in
1320 1846 1486 1892 partem

212 1909 392 1954 alteram
409 1906 568 1970 poffim
583 1942 596 1965 ,
614 1917 656 1952 et
676 1905 848 1952 securus
864 1905 1051 1967 spessare
1071 1904 1209 1950 aliena
1229 1904 1461 1950 certamina
1484 1923 1490 1947 j

214 1980 414 2042 spondeo
437 1996 521 2043 pro
543 1979 776 2033 iudicato,¹
792 1990 834 2024 et
860 1975 1103 2039 suspensum
1132 1974 1260 2022 amici
1291 1976 1417 2020 bonis
1445 1998 1447 2002 v
1481 2006 1487 2009 -

210 2053 383 2099 bellum
414 2052 574 2099 deiicio
591 2088 605 2110 ‚
643 2051 935 2099 creditoribus
965 2049 1058 2096 eius
1087 2065 1156 2096 me
1185 2048 1401 2111 obligatur
1426 2069 1440 2087 .-

217 2136 265 2172 vt
298 2125 456 2188 poffim
485 2126 654 2173 servare
684 2124 1007 2186 proscriptum,
1042 2123 1132 2185 ipse
1160 2120 1492 2184 proscriptv··2.·.2:

217 2197 458 2260 periculum
474 2198 600 2243 adeo.
631 2198 779 2243 Nemo
797 2195 1089 2242 Tusculanum
1110 2207 1185 2241 aut
1205 2193 1488 2241 Tiburtinum,

217 2286 468 2334 paraturus,
487 2271 740 2317 salubritatis
758 2269 905 2327 causa,
925 2284 967 2316 et
987 2269 1137 2316 aestivi
1157 2267 1358 2323 seceffus,
1377 2282 1491 2328 quo-

218 2357 266 2389 to
295 2358 411 2388 anno
438 2354 634 2388 emturus
670 2342 719 2387 fit
750 2341 939 2403 disputat
974 2359 984 2387 :
1020 2357 1118 2386 cum
1147 2338 1333 2396 emerit,
1363 2349 1494 2383 tuen«-

217 2418 320 2463 dum
342 2416 416 2462 est.
437 2416 597 2463 Eadem
624 2417 669 2461 in
700 2413 922 2462 beneficiis
946 2415 1059 2461 ratio
1080 2413 1157 2460 est,
1185 2429 1284 2458 nam
1304 2428 1404 2458 cum
1426 2411 1496 2456 in·

216 2490 510 2552 terrogaveris
525 2521 538 2545 ‚
558 2488 663 2551 quid
684 2487 862 2544 reddat,
880 2485 1177 2548 respondebo,
1207 2485 1368 2530 bonam
1392 2499 1495 2529 cor:-

1135 2551 1244 2607 04
