1742 2967
386 200 488 247 DE
533 200 982 247 BENEFICIIS
1027 202 1282 250 Llss.1v.
1383 218 1468 266 2¹3

193 305 421 363 neficium,
439 305 484 352 id
503 321 588 369 ago
601 340 614 363 ‚
632 318 681 353 ut
697 304 962 354 beneficium
987 305 1036 353 sit
1059 325 1071 353 :
1091 307 1192 370 quia
1215 308 1245 353 si
1264 308 1380 372 turpi
1402 310 1476 355 da-

191 391 263 428 tur
279 415 294 437 ,
313 396 394 426 nec
411 378 644 425 honestum
670 378 752 425 esse
783 379 946 442 potest,
966 396 1046 427 nec
1064 379 1340 428 beneficium.

256 452 317 500 X.
350 451 616 515 Depositum
636 452 843 509 reddere,
864 469 941 515 per
974 453 1015 499 se
1034 469 1102 499 res
1129 453 1369 515 expetenda
1389 452 1475 500 est:

191 541 284 572 non
312 536 456 572 tamen
483 523 654 587 semper
680 523 857 570 reddam
874 560 889 580 ,
910 541 990 572 nec
1019 524 1218 586 quolibet
1242 524 1368 580 loco,
1395 541 1476 572 nec

193 596 389 660 quolibet
406 610 621 659 ternpore.
640 595 891 658 Aliquando
907 595 1015 642 nihil
1031 596 1223 655 interest,
1244 612 1389 644 utrum
1411 596 1478 642 in-

192 668 335 727 fitier,
358 685 412 715 an
441 670 581 732 palam
611 669 806 716 reddam.
849 669 1057 716 Intuebor
1083 668 1316 716 utilitatem
1348 668 1476 727 eius,

191 741 262 790 cui
282 741 532 788 redditurus
561 742 678 800 sum,
708 754 751 789 et
775 741 1027 789 nociturum
1048 740 1110 785 illi
1135 739 1379 803 depositum
1399 757 1475 787 ne-

190 813 318 877 gabo.
333 813 452 860 Idem
472 814 517 859 in
535 812 754 861 beneficio
777 813 960 861 faciam:
981 811 1147 861 videbo
1161 813 1339 875 quando
1359 812 1476 868 dem,

192 886 264 934 cui
297 886 397 933 dem
414 919 428 941 ,
461 887 834 950 quemadmodum
851 922 868 944 ,
893 901 1040 950 quare.
1090 885 1213 931 Nihil
1238 886 1355 933 enim
1387 883 1476 932 sine

190 957 364 1005 ratione
398 958 649 1006 faciendum
684 957 758 1006 est.
791 975 883 1005 non
912 958 973 1005 est
1009 956 1476 1016 autem-beneficium,

192 1032 271 1078 nisi
295 1033 419 1096 quod
447 1034 617 1079 ratione
643 1033 769 1079 datur
799 1050 811 1079 ε
845 1031 1054 1096 quoniam
1079 1031 1192 1078 ratio
1222 1031 1366 1079 omnis
1388 1031 1477 1078 ho-

191 1106 300 1152 nesti
324 1105 565 1153 comesest.
585 1108 732 1166 Quam
752 1104 874 1167 saepe
892 1104 1124 1151 hominum
1140 1139 1154 1161 ,
1185 1103 1475 1150 donationem

191 1181 309 1226 suam
334 1179 627 1226 inconsultam
653 1178 1002 1242 obiurgantium,
1021 1177 1133 1224 hanc
1164 1176 1364 1223 audimus
1388 1191 1477 1223 vo-

194 1270 291 1300 cem
309 1288 324 1309 ,
344 1253 521 1299 Mallem
547 1252 800 1314 perdidisse,
821 1267 950 1315 quam
976 1250 1039 1297 illi
1063 1249 1254 1297 dedisse?
1287 1248 1474 1312 Turpis·-

192 1324 350 1370 simum
385 1339 521 1387 genus
549 1322 698 1369 damni
730 1321 791 1369 est
821 1321 1059 1368 inconsulta
1090 1320 1277 1368 donatio
1302 1337 1313 1366 :
1358 1319 1476 1366 mul-

190 1411 327 1459 toque
346 1394 548 1457 gravius,
578 1393 690 1439 male
723 1391 884 1440 dedisse
910 1390 1202 1449 beneficium,
1230 1406 1362 1453 quam
1382 1405 1477 1436 non

193 1469 417 1532 recepisse.
453 1467 608 1513 Aliena
633 1465 749 1512 enim
778 1465 904 1528 culpa
930 1463 1017 1521 est,
1044 1464 1166 1527 quod
1189 1479 1281 1510 non
1305 1462 1479 1524 recepi-

193 1558 290 1588 mus
319 1558 330 1587 z
358 1541 480 1604 quod
507 1539 577 1586 cui
613 1539 815 1586 daremus
845 1553 937 1584 non
969 1536 1168 1600 eligimus
1186 1568 1201 1591 ,
1233 1533 1394 1582 nostra.
1429 1536 1478 1581 In

193 1612 406 1660 eleffione
432 1611 538 1658 nihil
559 1610 730 1669 minus,
747 1627 879 1674 quam
904 1611 992 1657 hoc
1010 1608 1132 1672 quod
1158 1620 1206 1655 tu
1234 1606 1480 1665 existimas,

191 1684 420 1748 spefiiabo,
439 1700 462 1730 a
480 1699 572 1747 quo
602 1695 856 1745 recepturus
884 1682 960 1728 sim
975 1697 987 1726 ε
1005 1680 1121 1744 eligo
1144 1679 1262 1727 enim
1283 1695 1381 1727 eum
1402 1679 1478 1743 qui

194 1769 370 1823 gratus,
395 1772 488 1804 non
515 1756 590 1820 qui
609 1755 853 1803 redditurus
884 1755 948 1802 fit.
982 1755 1118 1817 Saepe
1148 1765 1292 1800 autem
1316 1767 1358 1800 et
1386 1769 1480 1800 non

194 1834 444 1882 redditurus
471 1844 616 1896 gratus
639 1829 728 1886 est;
759 1841 801 1876 et
825 1830 1017 1892 ingratus
1034 1863 1047 1886 ,
1070 1827 1146 1891 qui
1178 1826 1379 1874 reddidit.
1408 1827 1480 1874 Ad

193 1907 387 1954 animum
407 1906 545 1953 tendit
563 1903 802 1951 aestimatio
829 1918 939 1949 mea.
965 1901 1072 1948 Ideo
1088 1900 1355 1963 locupletem
1370 1932 1385 1956 ‚
1406 1900 1481 1947 sed

193 1977 705 2043 indignum,praeteribo
723 1993 734 2024 :
754 1973 936 2039 pauperi
960 1973 1062 2021 viro
1087 1973 1209 2019 bono
1232 1973 1362 2019 dabo.
1388 1972 1483 2019 Erit

195 2054 314 2102 enim
333 2052 378 2100 in
398 2053 564 2099 summa
586 2050 736 2113 inopia
759 2061 900 2113 gratus
920 2065 930 2095 :
955 2062 1000 2096 et
1023 2063 1124 2095 cum
1146 2045 1297 2094 omnia
1325 2045 1384 2091 illi
1405 2045 1482 2092 de-

196 2137 353 2184 erunt,
385 2124 592 2187 supererit
619 2123 802 2171 animus.
841 2122 949 2168 Non
980 2121 1154 2168 lucrum
1184 2135 1239 2166 ex
1266 2116 1485 2165 beneficio

200 2210 334 2262 capto
350 2232 364 2256 ,
390 2215 483 2246 non
511 2197 785 2259 voluptatem
801 2230 815 2252 ,
843 2211 934 2241 non
960 2194 1159 2258 gloriam.
1195 2190 1286 2239 Uni
1314 2190 1486 2252 placere

199 2272 464 2330 contentus,
493 2270 538 2317 in
567 2270 655 2317 hoc
681 2269 798 2315 dabo
819 2302 834 2325 ,
857 2279 906 2314 ut
930 2265 1053 2331 quod
1080 2275 1287 2328 oportet,
1313 2261 1488 2311 faciam.

199 2344 340 2405 Quod
370 2357 551 2406 oportet
576 2352 741 2397 autem,
775 2356 867 2387 non
894 2338 956 2387 est
983 2339 1072 2386 fine
1102 2335 1316 2385 eleElione
1338 2350 1351 2381 :
1373 2348 1486 2398 quae

203 2416 343 2481 qualis
376 2416 518 2463 sutura
549 2413 626 2472 sit,
654 2412 931 2476 interrogas?

277 2489 361 2540 XI.
385 2487 554 2553 Eligam
580 2486 729 2537 virum
746 2485 966 2550 integrum
983 2519 1000 2548 ,
1021 2482 1286 2594 ίῑωρὶίὃειῃ,
1314 2494 1487 2530 memo·

1233 2562 1257 2611 3
