1742 2967
347 196 442 244 DE
485 193 936 242 BREVITATE
979 191 1231 238 νιτΑΕ.
1363 203 1423 254 5⁷

154 301 220 351 'dis
236 302 493 349 hodiernum
515 320 526 349 τ
547 302 668 364 quod
687 301 732 347 in
756 317 888 347 manu
909 299 1109 346 fortunae
1132 298 1318 361 pofitum
1337 296 1426 355 est,

157 374 350 437 disponis
371 392 380 420 :
406 375 527 438 quod
555 375 600 420 in
631 388 704 421 tua
722 408 736 431 ,
765 373 957 420 dimittis.
983 373 1090 432 Quo
1114 370 1302 434 speEtaS,
1329 386 1422 431 quo

154 460 197 493 te
225 448 448 494 extendis?
491 447 641 493 omnia
672 463 783 509 quae
810 460 991 492 ventura
1023 447 1139 501 sunt,
1173 444 1218 490 in
1250 443 1426 489 incerto

118 578 123 583 ·
153 518 295 564 iacent
313 536 325 564 τ
347 517 542 580 protinus
564 518 681 564 vive.
724 516 893 564 Clamat
923 533 1025 564 ecce
1047 516 1263 562 maximus
1281 527 1425 571 vates,

154 604 200 638 et
225 591 343 639 velut
364 590 518 638 divino
545 607 622 637 ore
641 590 861 637 instinctus
881 589 1059 636 salutare
1080 603 1254 640 carmen
1280 584 1420 632 canit:

305 701 495 759 ‚Optima
521 716 696 760 quaeque
718 700 802 743 dies
827 697 981 759 miseris
1001 697 1237 743 mortalibus
1261 695 1348 742 aevi

323 781 472 825 Prima
493 781 626 842 fugit.
650 805 653 808 ⁴

155 886 279 947 Quid
297 886 533 945 cunctaris,
565 885 732 949 inquit,
758 884 864 950 quid
893 883 1064 934 ceffas?
1097 882 1191 930 Nifi
1211 896 1424 946 occupas,·

156 957 295 1021 fugit:
317 976 417 1005 cum
446 959 736 1022 occupaveris
752 994 765 1015 ,
789 970 933 1005 tamen
957 956 1110 1020 fugiet.
1143 957 1294 1017 Itaque
1325 970 1427 1001 cum

155 1032 371 1079 celeritate
390 1034 624 1095 temporis,
647 1032 795 1078 utendi
822 1029 1059 1079 velocitate
1082 1027 1333 1075 certandum
1351 1025 1426 1072 est.

157 1108 281 1153 velut
303 1125 358 1154 ex
388 1120 582 1155 torrente
614 1107 792 1171 rapido,
817 1123 898 1154 nec
932 1106 1102 1168 semper
1130 1102 1310 1158 casuro,
1335 1101 1427 1148 cito

156 1178 440 1227 hauriendum
458 1181 533 1229 est.
561 1183 663 1229 Hoc
679 1196 857 1245 quoque
877 1177 1168 1243 pulcherrime
1187 1176 1243 1223 ad
1261 1189 1428 1236 expro-

156 1250 366 1299 brandam
403 1252 616 1300 infinitam
646 1253 986 1316 cogitationem,
1028 1250 1151 1313 quod
1181 1264 1271 1294 non
1302 1246 1428 1308 opti-

158 1341 274 1371 mam
300 1343 518 1390 quamque
544 1338 750 1382 aetatem,
775 1325 845 1372 sed
871 1323 988 1371 diem
1011 1322 1129 1370 dicit.
1160 1320 1283 1382 Quid
1304 1319 1428 1365 secu-

159 1413 258 1454 rus,
287 1413 330 1445 et
348 1400 393 1446 in
421 1412 537 1447 tanta
564 1413 817 1461 temporum
842 1397 945 1461 fuga
969 1397 1135 1454 lentus,
1164 1391 1330 1440 menses
1348 1389 1429 1437 tibi

159 1482 204 1517 et
230 1488 367 1519 annos
381 1509 394 1529 ‚
423 1485 465 1519 et
481 1473 659 1536 longam
677 1471 827 1518 seriem
842 1505 856 1525 ‚
880 1481 1100 1532 utcunque
1118 1464 1313 1514 aviditati
1331 1475 1431 1509 tuae

161 1542 306 1589 visum
326 1544 411 1602 est,
428 1544 671 1606 exporrigis
690 1543 708 1590 ἓ
736 1542 790 1589 de
814 1541 883 1588 die
907 1556 1054 1587 tecum
1074 1538 1270 1603 loquitur
1283 1571 1296 1593 ,
1315 1546 1359 1582 et
1376 1534 1433 1581 de

160 1612 248 1662 hoc
273 1615 367 1677 ipso
387 1614 596 1679 fugiente.
624 1617 730 1662 Non
756 1614 939 1661 dubium
968 1611 1030 1659 est
1053 1627 1161 1674 ergo
1176 1645 1190 1668 ,
1219 1606 1325 1672 quin
1344 1605 1433 1669 pri·

162 1702 233 1732 ma
252 1704 451 1751 quaeque
477 1689 644 1751 optima
676 1689 766 1735 dies
793 1688 928 1752 fugiat
956 1685 1213 1732 mortalibus
1240 1680 1434 1739 miseris,

161 1761 207 1808 id
232 1762 293 1808 est
311 1799 325 1821 ,
359 1763 622 1825 occupatis:
647 1779 839 1826 quorum
871 1760 1057 1824 pueriles
1088 1758 1230 1804 adhuc
1259 1755 1432 1802 animos

163 1832 354 1881 seneclus
372 1835 605 1897 opprimit,
624 1835 678 1881 ad
700 1851 831 1897 quarn
850 1831 1050 1895 imparati
1066 1830 1339 1890 inermesque
1359 1842 1433 1874 ve·

165 1905 303 1953 niunt.
330 1905 449 1953 Nihil
468 1907 584 1953 enim
603 1905 831 1969 provisum
855 1904 916 1951 est
935 1921 944 1950 :
965 1902 1105 1949 subito
1124 1899 1300 1946 inillam
1315 1933 1327 1956 ‚
1351 1914 1433 1945 nec

165 1977 394 2040 opinantes
411 1978 678 2026 inciderunt:
693 1978 898 2025 accedere
911 1992 1006 2022 eam
1024 1971 1221 2037 quotidie
1239 1986 1329 2017 non
1343 1970 1434 2016 sen·

166 2049 340 2096 tiebant.
375 2050 764 2110 Quemadmodum
789 2060 862 2095 aut
889 2047 1055 2103 sermo,
1081 2056 1152 2091 aut
1179 2044 1336 2100 leffio,
1362 2055 1434 2089 aut

167 2120 309 2183 aliqua
337 2122 523 2168 interior
551 2121 763 2186 cogitatio
782 2122 864 2168 iter
891 2119 1094 2167 facientes
1123 2117 1311 2180 decipit3
1333 2132 1435 2178 per·

168 2194 332 2242 veniffe
352 2195 393 2242 se
410 2210 508 2242 ante
527 2196 664 2243 sciunt
676 2227 690 2252 ,
709 2211 839 2259 quam
856 2190 1218 2256 appropinquasse
1235 2207 1247 2236 t
1270 2190 1328 2236 ita
1346 2189 1434 2235 hoc

167 2267 253 2315 iter
278 2269 394 2316 vitae
419 2269 626 2317 affiduum
652 2282 694 2317 et
717 2267 1034 2323 citatissimum,
1063 2264 1184 2328 quod
1212 2261 1435 2309 dormien-

169 2357 234 2390 tes
263 2343 578 2408 vigilantesque
606 2344 763 2391 eodem
796 2343 932 2406 gradu
968 2340 1182 2397 facimus»,
1213 2335 1438 2400 occupatis

170 2432 264 2463 non
291 2431 491 2479 apparet,
521 2416 596 2463 nisi
615 2416 659 2462 in
678 2415 779 2463 fine.
852 2418 856 2421 ’

235 2489 296 2536 Χ.
329 2489 468 2551 Quod
501 2487 736 2554 proposui,
764 2486 797 2533 si
826 2485 871 2533 in
897 2496 1039 2549 partes
1069 2481 1206 2532 velim
1229 2491 1272 2529 et
1304 2494 1435 2543 argu-
