1742 2967
334 198 417 228 110
520 184 567 231 L.
602 183 744 230 ANN.
778 183 900 229 SEN.
935 183 1020 230 DE
1056 184 1200 231 viTA
1234 184 1444 232 BEATA.

331 289 493 337 iectate.
521 292 566 337 O
589 306 673 339 vos
691 292 767 337 usu
786 291 975 338 maxime
995 291 1168 351 felices,
1191 310 1290 338 cum
1312 293 1500 355 primum
1520 308 1601 339 vo-

328 363 394 411 bis
413 364 572 411 imitari
596 364 704 413 vitia
723 364 868 411 nostra
891 366 1149 430 contigerit!
1173 367 1294 427 Quin
1324 368 1471 430 potius
1497 367 1607 414 mala

326 437 470 484 vestra
494 436 824 500 circumspicitis
839 470 852 492 ,
883 454 995 500 quae
1016 454 1099 483 vos
1127 439 1181 484 ab
1207 440 1330 485 omni
1357 451 1476 501 parte
1496 455 1605 485 con·

325 509 529 568 fodiunt,
563 510 647 556 alia
676 509 907 572 grassantia
935 510 1225 566 extrinsecus,
1254 511 1332 556 alia
1363 511 1407 556 in
1426 511 1606 557 visceri-

322 583 406 629 bus
432 582 530 644 ipfis
558 580 751 626 ardentia
773 580 791 626 ἓ
816 582 922 626 Non
947 597 1003 627 eo
1022 581 1126 628 loco
1151 597 1218 628 res
1245 582 1458 628 humanae
1484 581 1606 637 sunt,

324 653 485 698 etiamsi
515 652 671 698 statum
691 651 884 699 vestrum
909 670 1061 715 parum
1091 652 1226 700 nostis
1242 688 1256 712 ,
1286 667 1335 701 ut
1355 655 1484 702 vobis
1506 668 1603 701 tan—

324 740 416 770 turn
434 724 515 770 otii
539 722 741 786 supersit,
764 735 810 771 ut
826 725 871 770 in
898 725 1060 787 probra
1077 724 1310 772 meliorum
1331 725 1492 788 agitare
1509 724 1598 773 lin-

324 812 453 859 guam
478 808 621 843 vacet.

386 869 600 915 XXVHI.
620 869 720 915 Hoc
735 885 817 917 vos
838 886 930 916 non
947 869 1191 934 intelligitis
1208 905 1221 927 ,
1238 884 1281 917 et
1295 869 1483 918 alienum
1504 870 1603 917 for-

321 954 451 988 tunae
477 940 643 988 vestrae
670 942 845 988 vultum
872 943 1049 1006 geritis:
1080 943 1189 989 iieut
1216 941 1423 1004 plurimi,
1449 942 1606 1006 quibus

322 1013 367 1058 in
388 1013 509 1060 circo
530 1026 602 1059 aut
625 1013 670 1059 in
690 1015 863 1061 theatro
882 1015 1173 1062 desidentibus
1188 1050 1201 1073 ‚
1221 1014 1307 1060 iam
1333 1014 1500 1061 funesta
1517 1016 1603 1062 do-

320 1086 418 1134 inus
444 1087 530 1143 est,
563 1103 644 1134 nec
674 1088 974 1134 annuntiatum
1007 1088 1184 1135 malum.
1219 1091 1279 1133 At
1308 1104 1392 1151 ego
1432 1104 1486 1133 ex
1514 1088 1603 1136 alto

322 1159 614 1222 prospiciens,
645 1159 779 1207 video
808 1177 920 1225 quae
946 1161 1222 1224 tempestates
1251 1175 1323 1208 aut
1347 1161 1605 1208 immineant

325 1232 466 1289 vobis,
488 1232 616 1293 paulo
635 1232 794 1279 tardius
813 1245 1019 1295 rupturae
1042 1233 1241 1280 nimbum
1264 1234 1405 1291 suum,
1425 1244 1496 1278 aut
1514 1233 1602 1279 iam

327 1303 492 1350 vicinae
513 1320 596 1351 vos
624 1320 672 1352 ac
697 1304 837 1352 vestra
861 1320 1090 1368 rapturae,
1119 1305 1299 1369 propius
1333 1304 1600 1352 accefferint.

322 1378 462 1437 Quid·
479 1378 648 1440 porro?
679 1395 828 1427 nonne
855 1397 971 1427 nunc
999 1397 1179 1443 quoque
1209 1377 1410 1443 (etiamst
1443 1395 1597 1441 parum

320 1448 507 1513 sentiris)
537 1450 669 1497 turbo
698 1451 879 1514 quidem
902 1453 1071 1499 animos
1102 1452 1269 1499 vestros
1295 1463 1432 1510 rotat,
1461 1463 1504 1498 et
1532 1450 1601 1497 in-

322 1524 489 1581 volvit,
508 1523 723 1588 fugientes
742 1535 1024 1587 petentesque
1039 1527 1191 1572 eadem
1205 1560 1218 1583 ‚
1239 1537 1282 1571 et
1301 1541 1416 1571 nunc
1434 1523 1479 1570 in
1501 1522 1601 1570 sub-

320 1600 422 1649 lime
438 1600 674 1657 allevatos,
701 1616 818 1648 nunc
840 1599 886 1646 in
913 1598 1065 1646 infima
1083 1599 1223 1648 allisos
1246 1598 1397 1663 rapit?
1420 1599 1534 1625 *st*
