1742 2967
354 154 450 230 ΒΕ
492 180 922 230 ΒΕΝΕΡιειιε
977 181 1110 231 Lm.
1156 184 1212 232 v,
1347 199 1432 250 255

163 290 380 353 probabili
407 291 530 336 locus
556 290 648 345 est3
676 308 784 354 ergo
808 307 886 337 nee
911 290 1150 337 beneficio:
1172 293 1291 354 quod
1313 293 1342 339 fi
1370 311 1440 340 ac-

164 364 310 425 cipere
340 379 429 408 non
465 362 632 424 potest,
665 380 744 408 nec
785 364 964 408 reddere
999 363 1173 424 quidem
1214 364 1355 410 debet.
1396 377 1439 411 et

166 434 269 480 ideo
289 450 378 480 non
411 432 458 478 fit
477 434 682 495 ingratus.
723 434 972 479 Etiamnum
990 468 1002 491 ,
1021 445 1066 479 ut
1095 435 1235 480 dicitis
1257 452 1267 479 ε
1294 437 1440 482 Bonus

165 506 238 553 vir
260 505 410 552 omnia
442 505 555 551 re&e
583 504 718 561 facit,
747 506 790 551 Si
819 505 966 552 omnia
994 508 1105 552 resse
1134 507 1237 554 facit
1255 543 1267 564 ‚
1294 507 1439 571 ingra-

166 593 235 625 tus
254 578 339 624 effe
359 593 451 623 non
475 577 627 640 potest.
660 579 807 624 Bonus
831 577 1091 625 beneficium
1119 581 1286 627 reddit:
1308 582 1444 628 malus

168 667 259 696 non
277 649 449 712 accipit.
477 651 597 714 quod
625 650 653 696 fi
672 649 758 707 est,
784 667 862 698 nec
891 651 1034 698 bonus
1051 651 1278 715 quisquam
1304 652 1441 716 ingra-

169 733 236 769 tus
261 721 345 779 est,
375 739 455 770 nec
484 722 646 769 malus:
672 722 730 768 ita
747 723 938 785 ingratus
965 723 1009 768 in
1036 740 1181 770 rerum
1210 739 1358 771 natura
1382 723 1443 772 est

169 810 361 851 nomen,
388 805 430 840 et
455 794 543 841 hoc
573 794 713 841 inane.
744 797 895 841 Unum
916 794 975 840 est
1007 796 1122 858 apud
1148 812 1229 842 nos
1247 795 1444 853 bonum,

169 865 426 914 honestum:
452 866 496 912 id
525 861 754 928 pervenire
773 867 827 913 ad
854 868 1014 913 malum
1044 885 1136 914 non
1168 869 1333 931 potest;
1368 871 1445 916 <le-

170 939 278 985 finet
304 939 420 985 enim
448 938 586 985 malus
617 938 726 995 effe,
756 938 786 984 fi
812 939 865 986 ad
890 939 1012 985 illum
1041 940 1178 987 virtus
1202 940 1446 988 intraverit„

172 1011 400 1072 Quamdiu
416 1022 558 1056 autern
579 1009 713 1057 malus
730 1008 811 1066 est,
836 1026 968 1056 nemo
986 1009 1043 1056 illi
1065 1010 1167 1059 dare
1184 1011 1444 1058 beneficium

172 1082 317 1146 potest
338 1099 347 1127 :
371 1082 470 1145 quia
491 1081 608 1128 bona
635 1082 832 1145 malaque
859 1081 1136 1140 dissentiunt,
1156 1084 1296 1131 necin
1312 1101 1447 1131 unum

173 1167 289 1203 eunt.
322 1155 427 1201 Ideo
452 1170 585 1201 nemo
617 1154 675 1201 illi
706 1153 916 1217 prodest?
941 1155 1042 1218 quia
1070 1153 1286 1220 quidquid
1312 1158 1365 1204 ad
1390 1158 1447 1203 il-

173 1226 267 1274 lum
296 1226 518 1291 pervenit,
538 1223 582 1273 id
602 1244 743 1290 pravo
759 1227 836 1274 usu
855 1226 1112 1291 corrumpit.
1142 1230 1447 1291 Quemadmoae

174 1301 281 1348 dum
309 1299 553 1348 stomachus
581 1301 743 1348 morbo
762 1300 965 1355 vitiatus,
984 1314 1028 1348 et
1052 1303 1261 1366 colligens
1285 1304 1416 1351 bilem
1434 1338 1451 1363 ,

175 1390 464 1438 quoscunque
484 1373 650 1436 accepit
671 1373 823 1431 cibos,
850 1386 1011 1428 mutat,
1043 1388 1087 1422 et
1111 1392 1245 1423 omne
1270 1376 1448 1423 alimen-

176 1459 269 1495 tum
307 1448 349 1494 in
384 1447 551 1494 causam
581 1446 748 1494 doloris
780 1447 908 1493 trahit
936 1466 945 1494 :
977 1450 1034 1495 {ta
1066 1448 1237 1498 animus
1266 1466 1451 1507 caecus,

177 1520 394 1584 quidquid
422 1514 486 1566 illi
517 1516 816 1577 commiseris3
839 1516 883 1566 id
915 1536 1025 1568 onus
1054 1521 1176 1568 suum
1192 1557 1206 1577 ‚
1232 1534 1274 1569 et
1299 1524 1451 1585 perni-

178 1594 294 1641 ciem
322 1604 364 1639 et
392 1588 668 1639 occasionem
699 1592 892 1639 miseriae
925 1590 1042 1641 facit.
1079 1590 1342 1643 Feliciffimis
1369 1597 1453 1643 ita-

179 1684 266 1732 que
279 1665 709 1731 »opulentissimisque
741 1664 977 1729 plurimum
1012 1669 1146 1717 aestus
1176 1668 1344 1728 subest,
1371 1671 1453 1717 mi·

181 1758 349 1805 nusque
373 1741 414 1789 se
438 1737 691 1798 inveniunt,
715 1759 806 1804 quo
830 1741 875 1789 in
903 1743 1115 1791 maiorem
1145 1744 1366 1791 materiam
1387 1742 1453 1791 in·

182 1815 414 1873 ciderunt,
447 1831 531 1878 qua
568 1813 892 1864 ssu&uarentur.
936 1820 1054 1880 Ergo
1085 1818 1191 1864 nihil
1228 1819 1365 1881 potest
1399 1819 1454 1866 ad

183 1889 323 1935 malos
339 1884 597 1950 pervenire,
616 1888 739 1951 quod
758 1889 891 1952 profit
909 1908 919 1937 z
937 1891 1078 1938 immo
1093 1891 1199 1937 nihil
1223 1892 1344 1956 quod
1364 1909 1456 1939 non

186 1974 358 2009 noceat.
397 1963 698 2024 Quaecunque
731 1963 847 2009 enim
870 1961 953 2010 illis
979 1964 1280 2028 contigerunt,
1313 1962 1358 2010 'm
1385 1979 1457 2010 na-

185 2045 322 2080 turam
344 2034 460 2080 suam
481 2047 681 2094 vertunt,
703 2049 745 2083 et
763 2049 883 2084 extra
906 2034 1096 2100 speciosa
1111 2069 1125 2092 ‚
1142 2030 1458 2100 profuturaque

186 2106 216 2153 fi
244 2106 417 2153 meliori
438 2107 667 2166 darentur,
694 2107 774 2155 illis
796 2107 999 2171 pestifera
1023 2109 1128 2156 sunt.
1154 2107 1260 2156 Ideo
1282 2127 1361 2156 nec
1382 2111 1457 2155 be-

190 2173 393 2225 neficium
422 2175 523 2225 date
544 2179 752 2242 poss'unt:
777 2181 989 2243 quoniam
1017 2197 1149 2228 nemo
1172 2179 1314 2244 potest
1338 2180 1459 2244 quod

190 2267 280 2297 non
308 2251 461 2307 habet,
485 2251 616 2298 dare:
638 2251 709 2298 hic
741 2251 1043 2300 benefaciendi
1072 2253 1296 2301 voluntate
1327 2265 1461 2300 caret.

255 2325 373 2370 X111.
403 2324 485 2370 Sed
508 2325 709 2388 quamvis
734 2322 842 2372 haec
868 2327 929 2372 ita
955 2326 1058 2385 fint,
1089 2328 1288 2390 accipere
1316 2338 1461 2372 tamen

194 2395 332 2443 malus
350 2397 490 2460 potest
505 2433 520 2455 ,
538 2410 647 2461 quae
666 2391 889 2444 beneficiis
906 2397 1055 2444 fimilia
1071 2399 1150 2444 smt
1170 2417 1180 2445 :
1203 2399 1356 2463 quibus
1373 2415 1465 2445 non

193 2470 372 2518 redditis
389 2504 405 2531 ,
433 2470 626 2536 ingratus
653 2471 747 2519 erit.
782 2472 889 2518 Sunt
917 2470 1048 2522 animi
1076 2472 1215 2532 bona,
1245 2472 1341 2521 sunt
1367 2488 1466 2522 cor⁴³

1166 2562 1201 2583 ὁ,
