1742 2967
0 0 44 20 σφ’*-

365 169 467 250 niz
514 202 981 249 senissimis
1039 205 1169 252 ΜΒ.
1220 208 1251 252 1.
1355 223 1444 269 127

166 309 239 356 ,sed
258 309 457 374 malignis
477 326 520 356 et
549 310 625 356 vix
649 310 904 357 exeuntibus
923 311 1101 358 verbis?
1129 313 1278 359 Nemo
1299 327 1442 361 autem

166 382 351 429 libenter
372 383 517 438 debet,
538 383 664 445 quod
689 397 780 428 non
797 382 992 445 accepit,
1013 382 1085 430 sed
1103 385 1316 447 expreffit.
1334 388 1442 433 Gra·

166 467 234 502 tus
259 455 345 502 effe
372 455 577 503 adversus
600 472 699 502 eum
727 455 958 519 quisquam
985 456 1151 520 potest,
1178 457 1254 521 qui
1279 458 1443 506 benefi-

167 527 286 573 cium
320 540 394 575 aut
426 529 611 591 superbe
637 528 826 586 abiecit,
853 543 925 575 aut
961 528 1092 577 iratus
1123 530 1338 593 impegit,
1370 543 1443 578 aut

166 601 392 666 fatigatus,
421 615 469 649 ut
491 602 686 650 molestia
716 613 908 660 careret,
934 602 1052 649 dedit
1074 603 1091 650 ἓ
1125 605 1276 662 Errat,
1299 603 1328 649 fi
1349 605 1444 668 quis

166 676 307 736 sperat
327 675 632 739 responsurum
657 675 755 732 fibi,
783 692 914 738 quem
933 675 1140 722 dilatione
1163 676 1351 735 lassavit,
1370 695 1445 724 ex-

167 748 430 810 speEtatione
463 749 600 796 torsit.
639 749 809 794 Eodem
841 748 991 794 animo
1023 748 1284 796 beneficium
1310 748 1443 797 debe-

167 832 237 865 tur
251 854 263 874 ‚
281 837 376 882 quo
397 821 549 867 datur:
580 835 623 867 et
640 820 743 866 ideo
764 836 854 866 non
874 818 934 865 est
954 819 1218 883 negligenter
1237 821 1443 868 dandum.

167 891 257 938 Sibi
293 894 409 939 enim
439 893 623 957 quisque
664 894 817 950 debet,
848 893 970 956 quod
1002 909 1024 938 a
1058 892 1273 940 nesciente
1315 911 1442 941 acce-

170 965 247 1027 pit.
281 968 376 1013 Nec
404 968 526 1013 tarde
555 967 733 1030 quidem
760 984 771 1013 :
798 966 900 1029 quia
930 982 1030 1014 cum
1060 965 1105 1011 in
1140 966 1264 1012 omni
1291 967 1442 1014 officio

169 1039 315 1102 magni
345 1039 593 1087 aestimetur
626 1039 764 1086 dantis
792 1040 1023 1097 voluntas,
1058 1038 1135 1101 qui
1159 1040 1280 1087 tarde
1309 1040 1413 1088 fecit
1429 1077 1445 1098 ,

169 1112 244 1158 diu
278 1113 431 1160 noluit.
459 1114 624 1175 Utique
651 1128 741 1158 non
773 1110 1104 1158 contumeliose.
1131 1127 1228 1157 nam
1256 1129 1355 1158 cum
1384 1113 1444 1160 ita

170 1196 321 1230 natura
346 1197 647 1247 comparatum
673 1184 749 1241 fit,
767 1199 815 1230 ut
838 1184 960 1230 altius
987 1182 1170 1231 iniuriae
1199 1202 1329 1247 quam
1355 1203 1445 1233 me-

169 1260 252 1305 rita
276 1260 559 1319 descendant,
586 1274 629 1307 et
647 1259 715 1307 illa
742 1260 832 1306 cito
858 1259 1076 1314 defluant,
1100 1258 1173 1306 has
1196 1271 1323 1305 tenax
1346 1273 1442 1304 me-

170 1335 313 1381 moria
337 1334 584 1383 custodiat:
616 1335 721 1398 quid
751 1334 963 1397 exspefiat
995 1334 1070 1397 qui
1099 1332 1310 1390 offendit,
1337 1333 1442 1379 dum

170 1406 372 1470 obligat?
407 1407 515 1453 Satis
542 1407 745 1453 adversus
779 1406 898 1451 illum
928 1420 1072 1469 gratus
1093 1405 1174 1463 est,
1202 1404 1278 1467 qui
1310 1404 1443 1450 bene-

170 1478 275 1526 ficio
308 1481 399 1528 eius
432 1479 632 1543 ignoscit.
675 1481 782 1526 Non
814 1478 874 1526 est
905 1491 1045 1525 autem
1079 1478 1204 1541 quod
1231 1478 1443 1524 tardiores

170 1553 298 1601 faciat
332 1555 388 1600 ad
418 1555 528 1600 bene
555 1553 842 1611 merendum,
866 1553 992 1600 turba
1016 1551 1301 1615 ingratorum.
1328 1551 1443 1596 Nam

170 1628 361 1690 primum
382 1626 454 1691 (ut
472 1628 592 1688 dixi)
611 1643 692 1673 nos
706 1626 822 1672 illam
843 1642 1071 1689 augemus:
1091 1624 1248 1671 deinde
1267 1640 1319 1669 ne
1340 1624 1446 1669 deos

171 1700 348 1762 quidem
370 1699 638 1745 immortales
665 1698 718 1743 ab
738 1699 818 1745 hac
843 1712 932 1743 tam
960 1696 1093 1743 effusa
1113 1695 1358 1743 necestitate
1382 1695 1448 1741 sa-

172 1773 322 1836 crilegi
338 1809 353 1831 ,
381 1772 740 1836 negligentesque
768 1786 923 1817 eorum
940 1805 953 1825 ‚
986 1771 1215 1816 deterrent.
1248 1770 1445 1814 Utuntur

170 1859 322 1892 natura
347 1845 442 1903 sua,
467 1857 509 1891 et
529 1845 680 1892 cimela
699 1880 712 1902 ,
740 1843 940 1904 interque
968 1842 1038 1888 illa
1065 1842 1182 1903 ipsos
1211 1856 1443 1886 munerum

171 1919 349 1966 suorum
382 1919 522 1966 malos
551 1918 808 1980 interpretes
829 1952 843 1972 ,
875 1916 1038 1962 iuvant.
1085 1917 1181 1961 Hos
1217 1913 1445 1976 sequamur

171 1992 327 2049 duces,
350 2004 560 2056 quantum
581 1993 769 2038 humana
789 1989 1061 2047 imbecillitas
1079 1988 1240 2050 patitur
1261 2003 1271 2032 :
1294 1985 1447 2031 demus

171 2064 404 2120 beneficia,
439 2082 531 2111 non
558 2063 848 2110 foeneremus.
881 2061 1056 2124 DIgnus
1084 2058 1146 2105 est
1178 2057 1348 2120 decipi,
1373 2056 1449 2119 qui

173 2136 226 2182 de
253 2137 510 2199 recipiendo
536 2136 776 2201 cogitavit,
802 2151 902 2181 cum
927 2134 1062 2179 daret.
1090 2135 1147 2178 At
1176 2130 1287 2177 male
1314 2129 1447 2177 ceffit.

174 2212 226 2255 Et
241 2209 390 2267 liberi,
406 2221 449 2256 et
465 2211 674 2273 coniuges
693 2209 812 2271 spem
834 2207 1077 2254 fefellerunt
1095 2223 1105 2251 z
1128 2217 1271 2250 tamen
1289 2215 1332 2250 et
1348 2202 1447 2248 edu-

173 2299 346 2336 camus,
373 2295 416 2329 et
444 2283 665 2335 ducimus3
698 2283 897 2343 adeoque
927 2277 1131 2326 adversus
1164 2275 1449 2338 experimen-

172 2371 214 2403 ta
240 2356 480 2419 pertinaces
510 2356 678 2413 sumus,
699 2367 744 2402 ut
769 2355 878 2401 bella
906 2353 1006 2401 viffl
1022 2387 1036 2409 ‚
1065 2364 1108 2398 et
1133 2347 1327 2411 naufragi
1353 2363 1447 2392 ma-

173 2429 236 2474 ria
270 2439 526 2490 repetamus.
565 2430 746 2487 Quanto
779 2426 914 2489 magis
941 2438 1196 2487 permanere
1224 2421 1269 2466 in
1295 2417 1446 2465 dandis

173 2502 397 2552 beneficiis
426 2503 583 2551 decet?
615 2520 726 2567 quae
752 2502 784 2549 fi
803 2501 902 2565 quis
922 2515 1012 2546 non
1036 2499 1108 2545 dat
1138 2494 1238 2560 quia
1268 2509 1359 2542 non
1379 2507 1447 2539 re-
