1742 2967
251 132 370 206 ‘306
437 147 485 192 L.
513 145 654 192 ANN.
679 144 804 191 SEN.
832 143 917 190 DE
942 138 1254 190 BENfflcns
1284 145 1332 192 L.
1355 145 1429 193 VI.

277 269 409 317 quam
437 252 526 300 cito
550 268 812 315 reponamus
827 286 841 309 ,
870 269 949 299 nec
968 253 1318 314 procurrendum
1340 253 1554 317 intempe-

276 326 386 374 stive
411 343 421 370 τ
445 324 545 387 quia
567 341 703 387 aeque
725 323 967 387 delinquit,
989 324 1060 386 qui
1085 325 1138 370 ad
1160 324 1432 371 referendam
1459 344 1554 389 gra·

273 399 378 445 tiam
405 397 484 444 suo
505 409 707 458 tempore
727 395 884 453 cessat,
914 412 1043 458 quam
1066 395 1140 456 qui
1165 396 1308 442 alieno
1333 413 1553 460 properat.

275 471 466 519 Pofitum
487 468 546 516 est
564 469 625 514 illi
644 469 862 531 apud-me.
883 483 962 514 nec
981 467 1095 513 illius
1116 468 1320 523 nomine,
1352 485 1431 515 nec
1449 486 1554 516 meo

274 544 424 590 timeo.
457 544 568 589 bene
595 542 654 588 illi
684 552 858 588 cautum
885 539 957 586 est.
986 556 1076 585 non
1099 539 1242 602 potest
1270 541 1356 586 hoc
1387 540 1553 587 benefi-

273 618 390 666 cium
409 618 614 680 perdere,
631 616 704 662 nifi
727 632 898 662 mecum
914 615 1078 660 :immo
1093 632 1146 661 ne
1166 632 1339 661 mecum
1359 615 1550 678 quidem.

272 692 353 756 Egi
373 691 433 737 illi
457 690 633 754 gratias,
662 690 707 736 id
725 688 809 746 est,
837 687 975 734 retuli.
996 689 1089 748 Qui
1109 687 1238 734 nimis
1254 689 1307 734 de
1326 688 1547 747 beneficio

268 764 498 811 reddendo
527 763 720 827 cogitat,
755 760 885 806 nimis
912 760 1105 822 cogitare
1135 760 1317 807 alterum
1348 761 1400 806 de
1433 761 1550 807 reci-

270 839 435 903 piendo
461 848 596 900 putat.
627 834 812 883 Praestat
841 831 926 881 effe
955 832 999 879 in
1027 845 1260 897 utrumque
1286 833 1459 880 facilem
1482 852 1493 881 ε
1515 833 1547 882 fi

268 912 365 960 vult
393 910 586 973 recipere
603 906 902 964 beneficium,
930 904 1199 964 referamus,
1223 908 1545 970 reddamusque

267 986 383 1034 laeti.
410 985 514 1031 lllnfl
540 983 657 1045 apud
683 998 764 1029 nos
793 979 1000 1027 custodiri
1027 982 1207 1027 mavult.
1240 981 1347 1043 quid
1372 981 1544 1028 thesau-

266 1077 366 1108 rum
389 1059 480 1105 eius
497 1055 724 1103 eruimus?
755 1054 860 1117 quid
879 1052 1116 1100 custodiam
1143 1052 1390 1101 recusamus
1408 1053 1425 1100 ?
1446 1054 1544 1117 dig-

265 1151 346 1183 nus
373 1132 458 1191 est,
487 1131 560 1197 cui·
575 1143 721 1177 utrum
739 1129 862 1177 volet
876 1164 890 1187 ,
913 1128 1053 1174 liceat.
1074 1127 1345 1190 Opinionem
1364 1127 1542 1191 quidem

265 1221 310 1257 et
332 1210 492 1256 famam
514 1224 569 1254 eo
598 1207 704 1253 loco
725 1205 960 1253 habeamus
973 1238 989 1263 ‚
1011 1214 1217 1268 tanquam
1241 1219 1334 1251 non
1351 1202 1511 1251 ducere
1525 1236 1542 1263 ‚

263 1282 337 1331 sed
359 1282 481 1347 sequi
509 1280 676 1329 debeat.
