1742 2967
351 201 938 250 DEBENEFICIIS
988 205 1119 250 LIB.
1168 207 1244 253 IV.
1346 223 1438 271 207

159 325 211 355 an
235 307 324 369 ipsa
353 309 573 354 summum
594 308 777 355 bonum.
810 312 872 356 Ut
900 309 988 357 hoc
1018 327 1157 357 unum
1187 325 1434 375 quaeratur,

159 381 325 427 ordinis
343 392 510 426 tantum
533 380 749 428 existimas
767 383 1092 430 mutationem?
1112 384 1187 430 ista
1207 403 1316 432 vero
1337 404 1440 433 con-

159 452 274 499 fufio
290 452 351 499 est
372 464 415 498 et
433 453 657 499 manifesta
676 455 881 512 caecitas,
899 456 1049 516 primis
1069 458 1285 518 postrema
1312 477 1441 520 prae·

161 524 290 572 ferre.
326 525 430 571 Non
461 525 696 587 indignor,
727 528 849 590 quod
879 529 975 590 post
1007 531 1278 592 voluptatem
1309 532 1442 593 poni-

162 607 233 642 tur
260 596 429 654 virtus,
462 598 534 643 sed
571 599 691 659 quod
723 599 911 643 omnino
946 615 1045 643 cum
1079 601 1300 663 voluptate
1332 619 1445 648 con-

95 684 103 689 '
164 669 311 716 fertur.
352 670 641 716 Contemtrix
670 672 760 716 eius
790 683 832 716 et
862 672 998 717 hostis
1021 672 1110 731 est,
1139 687 1180 719 et
1203 676 1445 738 longiffime

167 743 221 789 ab
250 743 324 788 illa
352 744 565 800 resiliens,
593 743 730 788 labori
756 759 805 789 ac
832 744 979 789 dolori
1008 744 1289 803 familiarior,
1308 747 1446 793 virili-

169 815 249 862 bus
280 815 610 871 incommodis,
639 832 770 877 quam
801 814 868 861 isti
887 816 1140 863 effeminato
1167 817 1302 864 bono.

241 891 310 935 ΠΙ.
330 888 552 934 Inserenda
572 888 676 933 haec
691 923 703 945 ‚
727 887 787 932 mi
805 889 1033 947 Liberalis,
1053 889 1242 949 fuerunt,
1257 892 1356 954 quia
1377 893 1448 940 be·

168 960 371 1008 neficium
399 960 478 1025 (de
504 977 596 1023 quo
624 978 740 1007 nunc
763 961 925 1025 agitur)
955 963 1081 1019 dare,
1104 963 1277 1010 virtutis
1295 966 1356 1010 est
1371 1003 1384 1025 ,
1407 978 1453 1014 et

167 1032 484 1093 turpissimum,
510 1032 553 1078 id
575 1032 697 1079 causa
728 1033 856 1080 ullius
875 1035 1046 1080 alterius
1070 1035 1131 1080 rei
1161 1036 1289 1094 dare,
1315 1055 1449 1100 quam

169 1118 215 1150 ut
243 1105 390 1150 darum
410 1105 471 1151 lit.
505 1106 619 1150 Nam
639 1105 669 1150 fi
689 1105 927 1168 recipiendi
948 1106 1019 1170 spe
1047 1109 1361 1167 tribueremus,
1380 1111 1450 1157 lo·-

170 1176 458 1238 cupletiffimo
477 1178 653 1240 cuique,
677 1194 767 1224 non
789 1180 1036 1241 dignissimo
1051 1215 1063 1235 ,
1082 1181 1296 1228 daremus.
1334 1201 1451 1231 nunc

170 1265 282 1296 vero
309 1249 435 1296 diviti
462 1250 723 1312 importuno
754 1267 986 1314 pauperem
1019 1252 1327 1314 praeferimus,
1361 1272 1453 1302 non

171 1322 232 1369 est
252 1321 513 1368 beneficium
531 1358 543 1379 ‚
570 1324 694 1385 quod
719 1323 943 1370 fortunam
965 1324 1133 1386 specim.
1152 1328 1399 1384 Praeterea,
1422 1328 1455 1374 fi

174 1408 220 1441 ut
249 1396 549 1458 prodeffemus
569 1431 581 1452 ,
610 1397 697 1443 sola
729 1414 811 1444 nos
834 1397 1038 1445 invitaret
1063 1399 1244 1454 utilitas,
1273 1400 1455 1446 minime

173 1468 383 1517 beneficia
409 1469 667 1516 distribuere
687 1471 922 1529 deberent,
943 1472 1018 1535 qui
1042 1472 1243 1519 facillime
1266 1474 1456 1536 poffent,

176 1543 443 1605 locupletes,
463 1554 506 1588 et
523 1554 724 1605 potentes
739 1579 751 1600 ,
778 1557 820 1590 et
841 1560 991 1606 reges,
1010 1544 1145 1591 aliena
1173 1562 1258 1607 ope
1283 1563 1370 1591 non
1391 1547 1457 1590 in-

175 1618 388 1679 digentes.
418 1616 496 1662 Dii
520 1632 630 1663 vero
663 1629 731 1662 tor
756 1633 964 1672 munera,
991 1633 1100 1678 quae
1129 1617 1215 1663 {ine
1240 1617 1458 1663 intermis-

177 1690 297 1736 fione
313 1691 465 1737 diebus
488 1707 538 1736 ac
559 1690 756 1736 nofilibus
777 1690 987 1745 fundunt,
1007 1705 1095 1735 non
1117 1691 1280 1735 darent.
1302 1690 1344 1735 in
1364 1706 1457 1735 om-

179 1765 252 1810 nia
274 1764 390 1810 enim
417 1763 498 1809 illis
522 1774 672 1810 natura
693 1764 765 1809 sua
789 1763 965 1819 sufficit,
990 1763 1231 1824 plenosque
1254 1776 1297 1807 et
1323 1774 1460 1818 tutos,

179 1849 223 1885 et
249 1837 527 1883 inviolabiles
554 1835 753 1898 praestat.
795 1834 914 1880 Nulli
949 1850 1056 1896 ergo
1085 1833 1346 1880 beneficium
1382 1834 1461 1879 da·-

182 1910 322 1965 bunt,
356 1908 387 1953 s1
427 1923 511 1953 una
537 1907 669 1953 dandi
695 1905 818 1953 causa
852 1904 941 1962 est,
978 1907 1018 1950 se
1055 1904 1214 1949 intueri
1251 1920 1300 1949 ac
1340 1921 1464 1950 com-

185 1981 370 2027 modum
389 1981 526 2026 suum.
560 1978 672 2025 Istud
700 1994 791 2024 non
809 1974 1091 2034 beneficium,
1113 1977 1182 2023 sed
1201 1976 1354 2023 foenus
1373 1977 1431 2023 est
1452 1994 1465 2023 τ

185 2052 519 2114 circumspicere
534 2086 549 2107 ,
571 2067 660 2096 non
679 2049 755 2096 ubi
779 2048 947 2112 optime
970 2064 1107 2111 ponas
1122 2083 1134 2105 ,
1155 2048 1225 2094 sed
1241 2049 1314 2094 ubi
1336 2065 1465 2111 quae-

187 2126 439 2173 stuofiffime
465 2125 649 2182 habeas,
666 2125 782 2170 unde
806 2123 1013 2169 facillime
1036 2124 1172 2169 tollas.
1200 2124 1338 2183 Quod
1364 2140 1465 2169 cum

189 2200 319 2262 louge
345 2216 369 2245 a
398 2199 480 2245 diis
507 2210 729 2245 remotum
758 2198 830 2251 sit,
856 2195 1047 2258 sequitur
1073 2208 1120 2242 ut
1149 2197 1343 2242 liberales
1372 2196 1466 2242 finr.

190 2288 288 2318 nam
319 2271 349 2318 fi
380 2287 463 2318 una
492 2270 694 2317 beneficii
721 2269 851 2315 dandi
881 2267 1002 2314 causa
1028 2267 1076 2314 fit
1109 2268 1247 2314 dantis
1278 2269 1431 2315 utilitas
1451 2301 1467 2325 ,

192 2344 307 2391 nulla
333 2356 475 2390 autem
499 2359 555 2388 ex
577 2343 704 2388 nobis
726 2341 887 2388 utilitas
914 2341 998 2386 deo
1026 2340 1229 2404 speranda
1248 2340 1331 2397 est,
1353 2343 1469 2388 nulla

194 2419 280 2466 deo
308 2417 439 2463 dandi
468 2414 668 2463 beneficii
701 2415 821 2461 causa
850 2413 924 2459 est.

260 2491 338 2538 IV.
370 2487 471 2537 Scio
497 2486 605 2551 quid
627 2487 713 2533 hoc
736 2485 839 2533 loco
863 2483 1184 2547 respondeatur.
1213 2485 1358 2546 ltaque
1379 2499 1469 2531 non
