1742 2967
357 197 457 242 DE
510 195 948 240 BENEFtCIIS
999 196 1128 241 LIB.
1179 197 1253 240 vt.
1354 196 1439 258 183

161 303 298 360 tium',
333 302 405 349 sed
423 317 582 364 operae
601 301 782 348 solvitur
798 338 812 358 ‚
839 301 962 365 quod
982 301 1258 359 deserviunt,
1280 303 1400 364 quod
1421 319 1444 349 a

161 377 290 422 rebus
309 375 391 422 suis
410 375 588 422 avocati
619 374 747 421 nobis
770 389 936 421 vacant.
968 374 1213 420 mercedem
1239 390 1328 419 non
1350 391 1446 420 me-

162 448 267 506 riti,
297 449 370 494 sed
391 448 696 510 occupationis
722 447 818 495 suae
845 446 1003 494 fet-unt.
1035 448 1166 493 Aliud
1196 463 1341 494 tamen
1362 448 1448 495 dici

166 520 306 580 potest
324 520 471 567 verius
484 555 497 576 ‚
514 520 637 582 quod
656 519 795 566 statim
819 536 981 580 ponam
997 556 1010 576 ‚
1030 521 1060 566 si
1077 522 1194 582 prius
1213 521 1448 583 quomodo

165 591 278 637 istud
307 589 444 636 refelli
480 591 635 653 possit,
679 590 927 653 ostendero.
971 593 1198 654 Quaedam
1223 629 1236 649 ,
1267 593 1408 655 inquit
1435 626 1451 648 ‚

167 663 302 726 pluris
329 663 425 710 sunt
445 680 575 722 quarn
604 663 867 709 vaenierunt
881 699 894 718 .,
913 675 953 709 et
974 665 1035 710 ob
1055 665 1140 710 hoc
1159 665 1320 724 aliquid
1342 665 1450 711 mihi

165 749 288 783 extra
311 753 393 798 pro
413 736 519 791 illis,
552 736 753 799 quamvis
773 749 889 782 emta
918 736 1028 793 smt,
1057 736 1200 784 debes.
1231 737 1449 796 Primum,

167 810 279 873 quid
296 808 471 857 interest
489 808 637 872 quanti
659 807 766 862 sint,
797 826 895 856 cum
926 809 978 873 de
996 810 1137 871 pretio
1164 810 1274 856 inter
1301 827 1454 857 emen-

169 896 256 930 tem
281 896 323 930 et
343 884 611 931 vendentem
631 883 917 930 convenerit?
940 884 1115 929 Deinde
1135 900 1226 930 non
1245 884 1331 930 emi
1347 884 1454 931 illud

169 955 247 1002 suo
268 956 411 1018 pretio
427 992 439 1013 ,
459 955 529 1001 sed
549 968 643 1002 tuo.
671 955 810 1002 Pluris
839 956 900 1002 est
916 993 929 1014 ‚
947 956 1111 1019 inquit,
1130 973 1261 1020 quam
1280 958 1456 1004 vaeniit.

169 1028 252 1073 Sed
279 1027 414 1089 pluris
433 1027 610 1074 vaenire
631 1045 722 1074 non
744 1028 912 1089 potuit:
936 1029 1123 1090 pretium
1144 1040 1287 1076 autem
1308 1030 1454 1076 cuius-

169 1117 255 1162 que
283 1099 345 1144 rei
372 1115 454 1160 pro
483 1111 685 1161 tempore
711 1099 783 1147 est.
803 1101 918 1146 Cum
943 1101 1053 1148 bene
1073 1100 1149 1147 ista
1178 1102 1418 1151 laudaveris
1438 1138 1455 1161 ,

170 1172 275 1218 tanti
304 1171 402 1218 sunt
422 1209 433 1230 ,
454 1186 620 1235 quanto
641 1174 774 1236 pluris
792 1174 973 1221 vaenire
999 1191 1090 1220 non
1109 1175 1296 1237 poffunt.
1326 1193 1457 1238 prae-

170 1256 287 1291 terea
312 1244 419 1289 nihil
440 1245 668 1291 venditori
694 1245 849 1302 debet,
879 1246 955 1309 qui
984 1247 1096 1294 bene
1129 1248 1247 1293 emit.
1277 1247 1457 1293 Deinde

173 1318 305 1365 etiam
326 1315 354 1361 fi
382 1316 514 1378 pluris
536 1316 612 1362 ista
628 1316 724 1363 sunt
741 1353 755 1376 ‚
784 1334 874 1364 non
896 1330 1041 1365 tamen
1067 1319 1202 1366 ullum
1221 1317 1313 1366 istic
1330 1331 1459 1365 tuum

174 1407 335 1437 munus
358 1389 418 1435 est
436 1425 449 1443 ,
478 1400 524 1434 ut
545 1406 636 1434 non
657 1405 709 1434 ex
729 1390 804 1435 usu
830 1390 1044 1439 effestuve
1058 1427 1070 1449 ,
1104 1391 1176 1437 sed
1195 1408 1249 1437 ex
1271 1392 1460 1438 consue-

174 1466 328 1512 tudine
348 1476 391 1510 et
409 1479 584 1509 annona
612 1462 871 1510 aestimetur.
898 1465 1036 1524 Quod
1055 1480 1101 1510 tu
1120 1464 1305 1527 pretium
1326 1465 1459 1526 ponis

176 1535 407 1586 traiicienti
426 1536 559 1582 maria
573 1571 586 1592 ,
608 1549 651 1582 et
671 1553 749 1598 per
769 1538 940 1584 medios
959 1538 1115 1585 fluctus
1130 1573 1143 1595 ,
1163 1555 1261 1584 cum
1282 1555 1305 1583 e
1323 1549 1460 1583 terrae

179 1609 417 1671 conspeCm
445 1607 613 1654 receffit
629 1643 642 1664 ,
665 1621 825 1654 certam
848 1609 1006 1655 secanti
1039 1610 1157 1656 viam
1176 1645 1189 1667 ‚
1215 1624 1257 1656 et
1283 1608 1460 1671 prospi-

179 1681 311 1731 cienti
330 1680 496 1727 futuras
515 1680 807 1743 tempestates,
837 1696 879 1728 et
897 1683 1054 1729 securis
1073 1681 1278 1728 omnibus
1295 1678 1462 1726 iubenti

180 1757 327 1804 subito
351 1755 450 1803 vela
480 1754 657 1819 stringi,
687 1771 952 1802 armamenta
980 1755 1176 1810 demitti,
1205 1766 1377 1816 paratos
1405 1753 1462 1799 ad

180 1831 401 1880 incursum
433 1831 675 1893 procellae,
696 1841 739 1876 et
759 1829 1033 1892 repentinum
1067 1830 1278 1891 impetum
1310 1827 1415 1873 stare
1437 1827 1459 1873 ἓ

182 1905 284 1952 huic
313 1917 458 1951 tamen
486 1918 629 1951 tantae
659 1904 722 1950 rei
755 1902 999 1965 praemium
1031 1903 1209 1948 vectura
1243 1899 1463 1963 persolvit.

183 1979 357 2039 Quanti
388 1978 584 2025 aestimas
614 1979 658 2024 in
686 1977 915 2024 solitudine
947 1975 1214 2038 hospitium,
1247 1976 1291 2020 in
1321 1975 1463 2021 imbre

187 2051 347 2097 teRum
361 2085 374 2107 ,
406 2050 449 2095 in
469 2049 632 2113 frigore
658 2048 855 2095 balneum
874 2083 885 2105 ,
906 2064 979 2094 aut
1000 2048 1174 2110 ignem?
1196 2047 1296 2096 Scio
1317 2059 1464 2093 tamen

185 2121 334 2185 quanti
356 2121 434 2167 ista
456 2122 769 2168 consecuturus
787 2120 1075 2167 diversorium
1097 2119 1284 2166 subeam.
1302 2120 1462 2178 Quan-

186 2207 278 2241 tum
303 2195 429 2242 nobis
459 2194 667 2257 praestat,
697 2195 772 2257 qui
802 2193 1018 2239 labentem
1047 2193 1228 2240 domum
1251 2191 1462 2253 suscipit?

188 2280 232 2316 et
266 2282 464 2332 agentem
494 2285 549 2314 ex
585 2269 679 2313 imo
705 2269 833 2315 rimas
871 2267 1047 2313 insulam
1091 2264 1335 2314 incredibili
1371 2275 1464 2311 arte

188 2343 434 2407 suspendit?
468 2356 590 2390 certo
609 2355 753 2390 tamen
777 2356 817 2389 et
837 2341 922 2389 levi
943 2342 1087 2404 pretio
1105 2341 1265 2388 fultura
1289 2339 1464 2386 condu-

188 2419 318 2467 citur.
348 2421 497 2465 Murus
514 2434 595 2464 nos
617 2418 670 2464 ab
688 2417 878 2464 hostibus
896 2429 1013 2464 tutos
1028 2454 1041 2475 ,
1058 2430 1099 2464 et
1118 2433 1140 2462 a
1161 2416 1306 2464 subitis
1322 2414 1462 2460 latro-

190 2508 296 2538 num
327 2490 645 2540 incursionibus
672 2490 1052 2554 praestatznotum
1077 2488 1138 2538 est
1166 2502 1338 2540 tamen,
1368 2487 1460 2533 illas
