1742 2967
282 159 289 162 ⁴
348 192 448 239 DE
493 193 945 240 BENEFICHS
994 194 1125 240 Lm.
1166 195 1216 241 11.
1337 208 1420 257 153

150 298 357 348 servitute
385 312 602 359 mutaret,
641 319 794 365 parum
826 301 1064 357 iudicavit,
1101 301 1129 347 fi
1159 302 1327 348 senator
1361 303 1426 348 se-

149 387 235 416 nex
251 407 263 427 ,
287 371 512 418 summiffis
537 372 805 427 honoribuse
833 373 877 418 in
908 373 1140 436 conspeRu
1174 373 1424 434 principum

148 444 329 506 supplex
347 446 452 500 fibi,
477 462 533 492 eo
560 463 683 492 more
701 446 915 501 iacuisset,
937 463 1028 508 quo
1047 446 1152 491 viffi
1177 445 1320 492 hostes
1337 446 1425 490 ho-

151 517 285 565 stibus
309 520 493 566 iacuere.
531 519 699 566 invenit
730 519 894 582 aliquid
923 518 1031 563 infra
1061 536 1197 582 genua
1216 554 1231 575 ,
1256 534 1347 580 quo
1374 517 1429 561 li-

148 591 364 639 bertatem
383 593 642 639 detruderet.
665 593 769 638 Non
798 593 885 637 hoc
911 593 971 638 est
999 593 1312 655 rempublicam
1339 591 1428 637 cal-

149 665 279 712 care?
299 678 341 712 et
360 667 536 729 quidem
553 703 566 724 ‚
588 665 732 728 [dicet
757 666 938 727 avqms,
967 683 1064 711 nam
1089 665 1226 727 potest
1254 665 1307 710 ad
1333 680 1427 709 rem

149 739 405 802 pertinere]
434 739 601 787 sinistro
622 738 768 800 pede?
800 739 955 784 Parum
983 739 1097 784 enim
1127 737 1255 783 foede
1281 735 1427 781 furio-

149 810 278 874 seque
310 812 496 860 insolens
520 811 686 866 fuerat,
723 810 798 873 qui
825 811 878 855 de
910 810 1049 871 capite
1079 809 1313 856 consularis
1342 807 1429 853 viri

149 881 348 929 soccatus
367 884 592 938 audiebat,
617 881 692 927 nifi
718 882 762 926 in
788 898 838 928 os
861 880 1071 927 senatoris
1097 879 1327 944 ingessisset
1348 878 1430 924 im-

148 971 328 1017 perator
353 957 530 1019 epigros
556 956 666 1001 suos.

216 1029 335 1075 Xffl.
368 1031 413 1075 O
446 1029 645 1091 superbia
687 1042 869 1089 magnae
899 1023 1128 1072 fortunae!
1167 1026 1212 1070 O
1245 1022 1433 1070 stultiffi-
1471 1050 1481 1059 κ»

151 1117 273 1146 mum
297 1101 487 1148 malum!
517 1114 563 1147 ut
592 1118 612 1146 a
635 1100 803 1147 tenihil
835 1099 1031 1160 accipere
1051 1096 1195 1144 iuvat!
1224 1111 1273 1144 ut
1296 1113 1430 1143 omne

151 1174 410 1221 beneficium
431 1177 477 1221 in
498 1175 697 1221 iniuriam
721 1171 968 1220 convertis!
997 1187 1042 1217 ut
1062 1184 1103 1217 te
1116 1172 1271 1216 omnia
1296 1169 1430 1216 nimia

152 1248 395 1295 deleRant!
426 1262 473 1295 ut
498 1261 540 1295 te
570 1247 718 1293 omnia
749 1246 990 1293 dedecent!
1022 1262 1203 1309 quoque
1235 1244 1357 1290 altius
1389 1255 1431 1290 te

151 1320 413 1379 sublevasti,
450 1322 537 1369 hoc
575 1321 814 1383 depreffior
848 1337 922 1376 es,
959 1319 1234 1374 ostendisque
1266 1330 1307 1363 te
1339 1333 1429 1362 non

151 1394 386 1456 agnoscere
417 1395 492 1440 ista
516 1394 660 1449 bona,
698 1394 853 1458 quibus
881 1405 1046 1461 tantum
1074 1392 1253 1439 inflaris.
1284 1390 1431 1450 Quid-

153 1467 259 1530 quid
285 1468 387 1523 das,
417 1467 677 1529 corrumpis.
701 1467 821 1512 Libet
841 1467 984 1527 itaque
1003 1466 1299 1527 interrogare,
1326 1461 1433 1525 quid

151 1550 377 1601 tantopere
394 1555 437 1586 te
457 1539 699 1601 resupinet,
722 1540 827 1602 quid
848 1539 1020 1585 vultum
1042 1537 1326 1598 habitumque
1344 1534 1433 1581 oris

151 1625 400 1674 pervertat,
424 1628 471 1660 ut
499 1614 620 1660 malis
637 1614 796 1659 habere
812 1612 1038 1675 personam
1060 1648 1074 1668 ‚
1091 1627 1216 1673 quam
1238 1608 1394 1654 faciem
1413 1607 1431 1652 ?

152 1687 345 1732 Iucunda
367 1686 488 1743 sunt,
517 1703 626 1749 quae
645 1687 833 1731 humana
861 1684 1036 1740 fronte,
1063 1695 1179 1730 certe
1197 1680 1311 1735 leni,
1344 1679 1434 1740 pla-

153 1760 339 1820 cidaque
362 1760 636 1814 tribuuntur,
669 1774 779 1821 quae
799 1773 899 1802 cum
925 1757 1045 1802 daret
1070 1754 1178 1801 mihi
1207 1751 1434 1813 superior,

155 1847 245 1876 non
270 1830 502 1878 exsultavit
521 1830 644 1893 supra
665 1847 759 1885 me,
787 1828 857 1876 sed
879 1845 1005 1891 quam
1027 1826 1198 1890 potuit,
1216 1823 1436 1886 benignis*-

152 1904 284 1950 fimus
311 1903 418 1961 fuit,
447 1903 754 1965 descenditque
771 1903 815 1948 in
835 1917 1020 1963 aequum
1037 1935 1048 1957 ,
1068 1912 1112 1945 et
1128 1897 1312 1944 detraxit
1335 1913 1434 1941 mu-

154 1978 247 2025 neri
278 1979 355 2024 suo
387 1995 612 2041 pompam.
638 1975 890 2024 observavit
915 1974 1125 2020 idoneum
1154 1987 1354 2033 tempus,
1387 1979 1435 2016 ut

154 2050 201 2097 in
218 2050 449 2097 occasione
470 2051 617 2113 potius
635 2085 648 2107 ‚
675 2066 804 2113 quam
824 2048 868 2094 in
889 2047 1137 2093 necestitate
1152 2045 1436 2091 succurreret.

154 2124 263 2169 Uno
286 2123 426 2168 modo
451 2122 538 2168 istis
563 2120 915 2185 persuadebimus
930 2155 942 2174 ‚
971 2136 1025 2165 ne
1046 2116 1254 2165 beneficia
1272 2117 1344 2162 sua
1364 2116 1433 2161 in-

153 2195 338 2241 solentia
373 2195 586 2256 perdant,
616 2194 647 2240 si
681 2193 997 2240 ostenderimus
1031 2207 1122 2237 non
1154 2189 1258 2236 ideo
1291 2186 1434 2234 videri

155 2268 320 2315 maiora
336 2302 356 2325 ‚
374 2267 474 2331 quia
497 2267 803 2315 tumultuosius
829 2267 926 2312 data
952 2265 1045 2311 sunt
1067 2282 1078 2310 :
1104 2280 1158 2310 ne
1189 2263 1304 2325 ipsos
1331 2260 1434 2324 qui-

155 2342 257 2388 dem
273 2341 334 2387 ob
350 2340 394 2386 id
413 2340 615 2404 cuiquam
640 2342 760 2403 poffe
785 2340 972 2387 maiores
990 2337 1144 2384 videri.
1167 2352 1323 2382 vanam
1346 2334 1433 2381 effe

156 2414 384 2478 superbiae
411 2415 788 2479 magnitudinem,
825 2428 868 2461 et
896 2428 1006 2476 quae
1033 2411 1080 2458 in
1113 2410 1270 2457 odium
1302 2408 1433 2457 etiam

157 2489 341 2537 amanda
373 2488 598 2551 perducat.
