1742 2967
369 198 469 245 DE
514 199 962 246 BENEFICIIS
1008 202 1136 247 LIB.
1185 204 1261 249 VI.
1361 219 1450 266 277

179 321 286 363 mas,
302 303 379 351 illo
393 304 673 363 transeamus,
689 322 743 353 an
761 305 802 351 ei
818 305 1023 354 debeatur
1036 305 1216 371 aliquid,
1231 308 1306 371 qui
1323 307 1451 359 nobis

176 376 342 424 invitus
362 375 545 440 profuit.
569 378 670 424 Hoc
689 376 876 440 apertius
897 377 1022 440 potui
1052 378 1195 425 dicere
1210 415 1222 437 ,
1245 379 1320 426 nifi
1339 397 1449 443 pro-

174 449 335 512 positio
350 450 525 496 deberet
542 449 623 496 effe
643 450 892 509 confusior,
910 465 959 497 ut
973 451 1190 500 distinaio
1201 452 1338 500 statim
1355 454 1450 500 sub·

173 522 317 569 secuta
337 522 588 570 ostenderet
608 537 845 587 utrumque
865 526 1029 589 quaeri,
1046 542 1100 572 an
1119 526 1159 574 ei
1179 527 1450 585 deberemus,
1473 523 1476 525 Δ

168 598 245 660 qui
276 597 431 655 nobis,
465 598 570 644 dum
603 615 695 645 non
726 600 853 657 vult,
884 599 1076 662 profuit3
1113 613 1155 648 et
1188 618 1242 648 an
1272 602 1339 660 ei,
1372 602 1449 666 qui

170 671 273 718 dum
299 671 448 718 nescit.
476 672 590 717 Nam
618 672 648 718 fi
670 671 767 736 quis
794 674 970 720 coafius
993 673 1156 737 aliquid
1182 676 1289 722 boni
1314 675 1448 733 fecit,

167 745 273 807 quin
295 760 374 790 nos
396 762 486 790 non
507 745 697 809 obliget,
725 744 992 792 manifestius
1017 746 1103 805 est,
1132 765 1260 811 quam
1288 761 1334 796 ut
1359 748 1450 795 ulla

166 814 210 861 in
236 815 325 862 hoc
354 816 491 863 verba
515 815 807 879 impendenda
829 815 923 862 fint.
955 817 1009 863 Et
1035 817 1142 865 haec
1168 818 1361 882 quaestio
1381 819 1450 866 fa·

165 890 246 937 cile
264 891 522 953 expedietur
535 923 548 946 ‚
566 903 609 938 et
635 889 663 936 fi
687 907 773 953 qua
799 888 946 937 fimssis
963 890 1066 938 huic
1084 894 1259 940 moveri
1279 892 1421 956 potest
1435 930 1451 952 ,

161 963 192 1009 fi
211 963 373 1010 totiens
401 962 476 1009 illo
505 963 821 1028 cogitationem
854 962 1044 1010 nostram
1082 966 1446 1014 converterimus.

163 1035 436 1083 Beneficium
454 1036 619 1083 nullum
641 1035 718 1094 est,
739 1037 815 1082 nifi
837 1037 957 1100 quod
977 1038 1030 1083 ad
1057 1055 1138 1085 nos
1159 1039 1351 1102 primum
1371 1041 1446 1087 ali·

162 1124 250 1172 qua
274 1108 484 1172 cogitatio
512 1107 683 1166 defert,
710 1108 868 1155 deinde
897 1109 1036 1155 amica
1065 1122 1108 1157 et
1136 1111 1334 1174 benigna.
1358 1114 1445 1159 Ita-

160 1197 247 1244 que
268 1199 352 1229 nec
375 1181 627 1229 fluminibus
654 1181 808 1245 gratias
829 1183 994 1245 agimus
1010 1216 1022 1236 ‚
1046 1186 1247 1247 quamvis
1272 1197 1344 1232 aut
1361 1203 1446 1233 ma·

159 1272 243 1318 gna
264 1255 437 1319 navigia
461 1256 679 1319 patiantur
694 1292 707 1313 ‚
726 1268 768 1302 et
789 1257 842 1302 ad
864 1257 1166 1305 subvehendas
1190 1259 1340 1322 copias
1360 1260 1443 1307 lar-

159 1344 218 1390 go
242 1345 291 1374 ac
321 1329 502 1390 perenni
537 1329 665 1375 alveo
695 1341 896 1386 currant,
927 1342 1000 1376 aut
1026 1331 1190 1393 piscosa
1223 1344 1265 1379 et
1293 1350 1444 1381 amoe-

158 1417 212 1446 na
243 1401 474 1464 pinguibus
503 1401 620 1448 arvis
651 1400 931 1448 interfluant:
970 1420 1050 1450 nec
1079 1404 1305 1467 quisquam
1334 1407 1441 1454 Nilo

161 1473 423 1520 beneficium
441 1475 597 1521 debere
611 1474 651 1520 se
672 1474 849 1530 iudicat,
868 1492 956 1522 non
971 1478 1103 1540 magis
1120 1495 1252 1542 quam
1267 1479 1439 1538 odium,

158 1548 189 1594 fi
223 1549 491 1595 immodicus
530 1546 810 1611 superfluxit,
850 1548 1060 1607 tardeque
1107 1549 1274 1597 receffit
1309 1567 1320 1596 :
1355 1568 1437 1600 nec

160 1633 318 1668 ventus
343 1620 603 1667 beneficium
627 1621 728 1674 dar,
759 1620 859 1666 licet
884 1621 990 1668 lenis
1016 1635 1059 1669 et
1088 1623 1298 1670 secundus
1328 1624 1437 1687 aspi·

156 1706 247 1742 ret:
269 1712 348 1741 nec
374 1694 490 1740 utilis
512 1709 554 1740 et
578 1694 756 1740 {alubris
780 1693 915 1740 cibus.
941 1697 1053 1742 Nam
1081 1697 1153 1757 qui
1176 1697 1436 1746 beneficium

157 1768 266 1814 mihi
301 1768 479 1815 daturus
505 1767 565 1814 est
586 1803 597 1825 ‚
627 1768 755 1813 debet
786 1783 873 1813 non
907 1780 1073 1816 tantum
1112 1771 1335 1833 prodess'e,
1363 1770 1436 1819 sed

154 1840 285 1888 velle.
325 1840 432 1887 Ideo
471 1856 550 1886 nec
579 1840 708 1885 mutis
740 1840 993 1886 animalibus
1024 1843 1264 1905 quidquam
1298 1843 1436 1891 debe·

153 1927 224 1960 tur
247 1931 258 1959 z
283 1925 326 1960 et
351 1930 481 1974 quam
515 1913 674 1959 multos
700 1930 724 1960 e
750 1913 951 1975 periculo
981 1914 1193 1963 velocitas
1225 1917 1325 1973 equi
1363 1934 1434 1964 ra-

154 1987 250 2049 puit
269 1987 286 2034 Ρ
310 2003 389 2034 nec
408 1987 637 2034 arboribus
658 2004 668 2032 z
692 1998 734 2033 et
752 2004 885 2050 quam
907 1988 1070 2035 multos
1095 1988 1211 2036 aestu
1230 1989 1433 2037 laboran-

153 2076 242 2116 tes,
269 2078 494 2108 ramorum
519 2061 711 2124 opacitas
741 2063 879 2109 texit?
920 2064 1044 2124 Quid
1068 2075 1211 2111 autem
1243 2063 1432 2124 interest,

151 2147 295 2182 utrum
327 2135 435 2181 mihi
463 2134 537 2197 qui
564 2135 722 2192 nescit,
753 2135 997 2198 profuerit,
1025 2154 1077 2183 an
1104 2138 1180 2201 qui
1210 2137 1316 2205 scire
1342 2154 1432 2185 non

152 2209 328 2272 potuit?
353 2227 453 2256 cum
476 2210 648 2271 utrique
670 2210 781 2257 velle
809 2210 1010 2261 defuerit.
1047 2212 1170 2271 Quid
1194 2225 1334 2259 autem
1364 2212 1434 2258 in·

150 2281 280 2329 terest
297 2318 310 2338 ‚
333 2298 480 2329 utrum
503 2299 572 2328 me
591 2282 736 2328 iubeas
757 2283 888 2337 navi,
906 2297 977 2329 aut
994 2283 1226 2341 vehiculo,
1254 2299 1328 2330 aut
1347 2285 1435 2331 lan·

152 2371 252 2402 ceae
279 2355 436 2402 debere
460 2354 751 2402 beneficium:
782 2374 834 2402 an
867 2356 905 2402 ei
927 2357 1001 2419 qui
1029 2374 1165 2419 aeque
1192 2374 1324 2419 quam
1356 2357 1432 2403 ista

149 2427 426 2489 propositum
462 2428 766 2477 benefaciendi
800 2430 966 2477 nullum
1002 2429 1183 2488 habuit,
1216 2429 1290 2477 sed
1323 2445 1433 2494 pro-

151 2498 234 2547 fuit
259 2501 357 2548 casu
377 2505 395 2547 ?

1114 2568 1140 2612 S
1180 2584 1200 2630 3
