1742 2967
378 174 480 222 DE
527 178 964 225 BENEFICIIS
1011 181 1144 228 LIB.
1192 183 1270 230 lv.
1372 200 1466 245 217

249 282 371 330 XIV.
390 283 496 328 Non
516 282 577 330 est
595 283 859 333 beneficium
876 286 999 348 quod
1019 285 1063 332 in
1082 286 1307 350 quaestum
1327 288 1464 335 mitti-

185 366 270 404 tur.
291 355 392 403 Hoc
414 356 554 413 dabo,
577 356 665 405 hoc
683 358 889 422 recipiam
909 379 916 403 :
939 359 1083 405 auctio
1101 358 1175 407 est.
1196 361 1303 407 Non
1321 361 1465 410 dicam

188 429 396 493 pudicam
413 466 426 488 ‚
442 446 554 494 quae
572 443 810 479 amatorem
826 446 874 479 ut
887 432 1137 480 incenderet
1155 433 1338 497 repulit;
1353 451 1464 499 quae

187 514 262 550 aut
291 503 431 568 legem
449 538 464 561 ,
491 514 566 553 aut
585 503 732 553 virum
761 503 938 563 timuit,
966 518 1014 552 ut
1033 505 1090 552 ait
1111 506 1303 554 Ovidius
1319 524 1334 554 ε

255 621 378 684 Quae
395 655 408 679 ,
425 620 529 683 quia
552 640 638 669 non
655 623 768 669 licuit
781 656 795 681 ,
823 639 907 667 non
926 624 1054 679 dedic,
1083 623 1160 668 illa
1179 624 1303 670 dedit.

182 729 290 777 Non
319 727 548 777 immerito
579 729 624 777 in
659 746 890 777 numerum
919 730 1193 792 peccantium
1225 729 1410 778 refertur
1442 741 1460 790 3

181 818 296 866 quae
340 802 597 866 pudicitiam
639 802 793 850 timori
829 802 1063 866 praestitit,
1102 820 1193 849 non
1228 803 1318 851 sibi.
1365 807 1458 851 Eo-

181 875 284 923 dem
315 876 460 922 modo
490 876 567 939 qui
595 874 854 924 beneficium
886 887 933 921 ut
958 875 1169 938 reciperet
1199 874 1343 932 dedit,
1368 891 1461 923 non

179 947 312 997 dedit.
347 951 466 1014 Ergo
497 961 541 997 et
571 965 654 996 nos
682 947 946 995 beneficium
981 949 1132 995 damus
1166 947 1421 995 animalibus
1442 981 1460 1005 ,

177 1037 291 1085 quae
318 1037 390 1069 aut
410 1022 529 1080 usui,
546 1034 620 1069 aut
643 1021 855 1068 alimento
882 1019 1027 1067 futura
1045 1019 1290 1067 nutrimus?
1321 1019 1457 1067 bene-

178 1093 332 1141 ficium
361 1094 513 1142 damus
546 1094 729 1142 arbustis
760 1110 870 1158 quae
902 1093 1116 1149 colimus,
1150 1109 1204 1140 ne
1237 1092 1423 1140 siccitate
1443 1128 1459 1152 ,

176 1180 250 1213 aut
277 1166 455 1217 immoti
494 1180 537 1215 et
568 1166 753 1232 neglecti
787 1168 867 1214 soli
894 1167 1051 1214 duritia
1088 1166 1320 1214 laborent?
1363 1166 1457 1212 Ne·

177 1257 256 1288 mo
291 1241 346 1288 ad
374 1258 526 1305 agrum
558 1242 792 1290 colendum
818 1259 875 1289 ex
904 1257 1049 1305 aequo
1075 1254 1117 1287 et
1145 1240 1271 1287 bono
1302 1239 1458 1296 venit,

178 1329 260 1361 nec
295 1314 350 1360 ad
385 1315 515 1361 ullam
545 1330 670 1371 rem,
699 1314 823 1363 cuius
859 1327 981 1363 extra
1015 1313 1153 1377 ipsam
1191 1314 1350 1360 fruetus
1383 1312 1458 1360 est.

175 1385 246 1434 Ad
275 1384 538 1433 beneficium
564 1387 757 1435 dandum
785 1404 877 1435 non
908 1386 1086 1434 adducit
1109 1385 1317 1449 cogitatio
1352 1400 1456 1432 ava-

175 1475 251 1518 ra,
270 1475 352 1507 nec
369 1459 570 1515 sordida,
590 1460 662 1507 sed
682 1462 869 1507 humana
883 1496 896 1518 ,
918 1459 1128 1515 liberalis,
1148 1458 1327 1520 cupiens
1353 1458 1455 1503 dare

176 1532 307 1579 etiam
341 1550 442 1582 cum
475 1533 672 1592 dederit,
705 1547 750 1582 et
781 1549 940 1598 augere
969 1531 1101 1580 novis
1126 1548 1177 1578 ac
1207 1528 1455 1578 recentibus

176 1617 361 1661 vetera3
404 1623 541 1654 unum
577 1606 742 1655 habens
776 1603 1078 1669 propositum,
1112 1616 1279 1668 quanto
1314 1601 1353 1648 ei
1385 1601 1457 1649 cui

108 1715 111 1719 .
174 1678 361 1742 praestat
391 1681 514 1728 bono
546 1680 690 1728 futura
717 1680 801 1728 fit:
829 1680 1024 1744 alioquin
1053 1679 1215 1726 humile
1250 1676 1334 1732 est,
1367 1676 1455 1723 fine

172 1752 301 1812 laude
315 1788 329 1811 ‚
355 1753 442 1801 fine
458 1753 622 1818 gloria,
640 1753 866 1818 prodesse,
884 1752 986 1817 quia
1004 1752 1194 1814 expedit.
1221 1749 1344 1810 Quid
1365 1765 1454 1794 ma-

169 1825 318 1890 gnifici
348 1827 409 1875 est
442 1828 484 1876 se
513 1845 688 1885 amare,
719 1827 815 1875 fibi‘
836 1845 1042 1891 parcere,
1078 1826 1154 1872 sibi
1189 1821 1450 1886 acquirere?

167 1898 223 1945 ab
254 1900 461 1948 omnibus
490 1900 577 1947 istis
605 1918 711 1948 vera
738 1899 939 1947 beneficii
974 1898 1104 1946 dandi
1135 1897 1302 1959 cupido
1334 1910 1452 1941 avo-

169 1983 274 2018 cat:
303 1973 357 2019 ad
387 1972 721 2030 detrimentum,
747 1973 904 2019 iniecta
934 1989 1089 2030 manu,
1118 1970 1276 2026 trahit,
1300 1980 1343 2015 et
1363 1967 1451 2013 uti-

169 2042 310 2091 litates
337 2045 572 2109 relinquit,
599 2045 697 2108 ipso
722 2043 1023 2091 benefaciendi
1055 2047 1190 2104 op'ere
1217 2038 1453 2086 laetissima.

237 2119 346 2166 XV.
377 2119 606 2182 Numquid
628 2119 807 2166 dubium
825 2109 916 2175 est,
936 2117 1040 2179 quin
1065 2113 1280 2163 contraria
1300 2112 1348 2158 sit
1371 2113 1451 2157 be-

175 2190 336 2238 neficio
355 2189 541 2238 iniuria?
563 2192 814 2252 Quomodo
831 2191 1030 2237 iniuriam
1050 2189 1209 2247 facere,
1223 2204 1301 2251 per
1320 2188 1360 2233 se
1380 2184 1452 2233 vi·

174 2265 304 2311 tanda
330 2281 380 2313 ac
407 2264 617 2328 fugienda
639 2282 706 2313 res
724 2265 785 2312 est
805 2283 815 2311 :
840 2264 897 2313 fic
928 2262 1193 2311 beneficium
1217 2262 1347 2318 dare,
1371 2276 1450 2323 per

175 2338 220 2385 se
248 2338 506 2400 expetenda.
532 2337 624 2384 Illic
655 2338 884 2401 turpitudo
913 2348 1066 2384 contra
1085 2335 1234 2384 omnia
1259 2334 1450 2397 praemia

171 2410 219 2457 in
260 2410 397 2458 scelus
435 2409 652 2457 hortantia
689 2410 841 2458 valet:
883 2410 938 2456 ad
974 2409 1063 2457 hoc
1094 2409 1253 2455 invitat
1280 2405 1451 2453 honesti

177 2500 259 2546 per
281 2481 323 2530 se
348 2481 501 2531 efficax
525 2480 704 2545 specieS.
734 2482 839 2529 Non
871 2480 1083 2540 mentiar,
1110 2480 1142 2527 si
1172 2479 1355 2533 dixero,
1382 2495 1460 2527 ne·
