1742 2967
325 200 410 243 ¹14
566 185 614 230 L.
661 184 952 230 ANNAEI
1006 185 1361 232 SENECAE

588 355 678 399 Ex
733 354 1002 400 CAper
1061 355 1334 402 XXVlII.

383 528 409 551 ³*
429 525 551 572 Circi
574 525 703 573 nobis
721 543 882 589 magno
909 526 1118 573 consensu
1145 527 1253 574 vitia
1275 527 1602 576 commendant.

318 601 440 647 Licet
470 599 577 645 nihil
601 600 718 646 aliud
746 600 869 662 quod
893 600 942 645 sit
968 601 1148 646 salutare
1173 613 1413 657 tentemus,
1438 603 1601 664 prode-

317 675 372 719 rit
392 685 537 718 tamen
564 688 639 733 per
658 671 698 718 se
720 672 858 734 ipsum
878 672 1093 720 secedere.
1109 673 1314 720 meliores
1338 675 1500 721 erimus
1516 675 1601 720 fin—

315 745 418 809 guli.
445 744 596 804 Quid,
619 745 740 806 quod
767 744 964 791 secedere
992 748 1045 791 ad
1068 745 1268 808 optimos
1289 746 1438 805 viros,
1463 759 1506 794 et
1525 747 1603 794 ali-

316 816 440 880 quod
470 815 720 878 exemplum
751 814 935 879 eligere,
957 817 1010 862 ad
1035 818 1158 880 quod
1181 818 1319 864 vitam
1344 817 1603 882 dirigamus,

315 888 448 935 licet?
465 887 591 950 quod
603 888 646 933 'm
661 888 761 934 otio
776 904 867 934 non
882 887 942 934 fit.
956 889 1085 936 Tunc
1102 888 1245 952 potest
1257 889 1460 936 obtinere
1479 890 1602 953 quod

316 963 450 1012 semel
482 961 644 1024 placuit
665 993 679 1016 ,
711 960 786 1007 ubi
817 979 950 1007 nemo
979 962 1245 1020 intervenit,
1280 962 1356 1025 qui
1389 963 1602 1010 iudicium

314 1036 454 1085 adhuc
467 1034 754 1091 imbecillum,
772 1032 940 1095 populo
959 1033 1172 1091 adiutore,
1190 1035 1464 1096 detorqueat.
1500 1049 1605 1082 tunc

318 1107 458 1171 potest
485 1107 575 1154 vita
606 1108 773 1170 aequali
801 1118 842 1152 et
866 1122 959 1152 uno
987 1121 1142 1153 tenore
1172 1107 1414 1169 procedere
1431 1142 1445 1164 ,
1469 1124 1599 1170 quam

318 1180 554 1245 propofitis
580 1178 873 1226 diversissimis
902 1177 1150 1226 scindimus.
1181 1180 1295 1225 Nam
1323 1180 1438 1225 inter
1460 1192 1605 1226 cetera

320 1256 431 1301 mala
458 1252 564 1300 illud
597 1252 824 1315 peffimum
851 1251 935 1309 est,
967 1252 1089 1315 quod
1119 1251 1228 1300 vitia
1255 1251 1345 1315 ipsa
1377 1264 1604 1300 mutamus.

321 1327 378 1374 sic
413 1344 466 1373 ne
500 1327 588 1373 hoc
618 1325 799 1389 quidem
832 1324 960 1372 nobis
989 1325 1235 1389 contingit,
1271 1342 1526 1388 permanere
1556 1326 1602 1373 in

321 1402 439 1448 malo
464 1401 551 1447 iam
573 1399 792 1447 familiari.
821 1399 953 1446 Aliud
982 1416 1037 1445 ex
1067 1400 1155 1446 alio
1183 1400 1353 1462 placet,
1381 1413 1600 1464 vexatque

323 1491 404 1521 nos
435 1473 524 1520 hoc
548 1489 729 1535 quoque
747 1508 758 1530 ‚
794 1472 915 1535 quod
944 1472 1103 1518 iudicia
1129 1472 1274 1518 nostra
1306 1489 1398 1518 non
1432 1485 1600 1519 tantum

321 1564 484 1610 prava,
505 1546 576 1592 sed
606 1546 734 1593 etiam
762 1546 876 1593 levia
904 1546 1016 1592 sunt.
1064 1545 1364 1602 Fliicluamus,
1397 1545 1602 1608 aliudque

322 1639 377 1667 ex
404 1620 492 1666 alio
516 1619 964 1685 comprehendimus:
984 1620 1118 1682 petita
1140 1617 1449 1682 relinquimus,
1475 1619 1604 1667 relic-

328 1708 369 1741 ta
394 1692 632 1757 repetimus
651 1712 662 1739 ;
682 1692 871 1740 alternae
889 1694 1001 1739 inter
1026 1692 1308 1755 cupiditatem
1328 1692 1538 1751 nostram,
1560 1706 1604 1739 et

322 1767 641 1831 poenitentiam
662 1767 784 1814 vices
802 1768 910 1814 sunt.
927 1768 1170 1814 pendemus
1192 1767 1309 1814 enim
1329 1767 1410 1813 toti
1430 1783 1485 1813 ex
1505 1766 1602 1812 alie-

323 1843 389 1889 nis
412 1840 612 1894 iudiciis3
636 1852 680 1887 et
699 1840 744 1887 id
766 1841 987 1903 optimum
1008 1840 1135 1886 nobis
1160 1838 1359 1894 videtur,
1385 1839 1506 1901 quod
1525 1856 1601 1900 pe—

323 1917 475 1963 titores
491 1915 825 1978 laudatoresque
842 1916 1004 1961 multos
1022 1914 1153 1961 habet
1167 1945 1181 1966 ‚
1201 1930 1291 1959 non
1310 1913 1356 1958 id
1377 1913 1499 1975 quod
1512 1913 1602 1959 lau-

323 1988 515 2034 dandum
537 1987 865 2051 petendumque
889 1987 965 2034 est.
997 1988 1094 2034 Nec
1113 1987 1230 2034 viam
1253 1987 1417 2033 bonam
1437 2002 1486 2033 ac
1506 2003 1602 2033 ma-

322 2061 409 2106 lam
438 2076 515 2123 per
541 2060 583 2107 se
612 2060 913 2116 aestimamus,
944 2060 1016 2107 sed
1049 2061 1174 2106 turba
1202 2060 1487 2123 vestigiorum
1510 2095 1524 2118 ,
1556 2060 1603 2107 in

323 2124 482 2193 quibus
502 2131 616 2177 nulla
632 2132 727 2178 sunt
744 2131 1035 2178 redeuntium.
1055 2131 1191 2179 Dices
1210 2132 1320 2178 mihi
1342 2149 1352 2177 τ
1373 2131 1496 2192 Quid
1513 2133 1603 2195 agis

325 2203 522 2251 Seneca?
556 2203 713 2251 deseris
744 2216 896 2266 partes.
928 2205 1059 2250 Certe
1088 2204 1225 2251 Stoici
1253 2203 1383 2250 vestri
1413 2203 1566 2250 dicunt
1587 2219 1603 2249 2

326 2279 476 2338 Usque
500 2275 562 2322 ad.
582 2275 782 2321 ultimum
809 2275 922 2322 vitae
943 2275 1075 2321 finem
1102 2276 1149 2322 in
1174 2277 1270 2323 afilu
1292 2275 1478 2332 erimus,
1508 2291 1601 2321 non

324 2347 564 2395 desinemus
592 2347 819 2396 communi
856 2348 979 2394 bono
1014 2363 1197 2410 operam
1226 2349 1352 2404 dare,
1394 2347 1600 2393 adiuvare

323 2420 535 2484 fingulos,
556 2438 688 2486 opem
710 2421 823 2469 ferre
839 2422 969 2469 etiam
987 2422 1190 2482 inimicis,
1213 2422 1319 2469 eniti
1334 2437 1476 2468 manu.
1501 2422 1599 2469 Nos

321 2491 468 2541 sumus
482 2528 496 2553 ,
516 2494 592 2558 qui
617 2493 747 2544 nullis
769 2492 893 2542 annis
911 2493 1192 2545 vacationem
1215 2494 1367 2543 damus
1380 2528 1395 2553 ,
1412 2506 1455 2542 et
1476 2492 1601 2558 quod
