1742 2967
288 167 380 213 310
512 156 560 202 L.
611 156 921 204 ANN‘AEI
970 159 1332 206 SENECAE

283 260 466 309 nestum.
498 263 592 311 Hac
623 265 767 327 regula
793 264 910 312 vitae
939 282 1073 329 opera
1101 267 1350 317 distribuat:
1374 271 1427 318 ad
1448 271 1565 320 hanc.

279 337 419 399 legem
439 349 482 383 et
502 349 596 400 agat
615 339 790 397 cuncta,
811 353 853 386 et
870 340 1038 403 exigat:
1059 339 1414 407 miserrimosque
1434 362 1557 392 mor-

278 410 427 456 talium
448 410 625 468 iudicet‚
643 411 687 457 in
708 413 1051 476 quantiscunque
1077 415 1235 477 opibus
1259 417 1560 481 refulgebunt,

278 482 422 531 ventri
441 500 489 531 ac
514 484 686 530 libidini
702 485 872 532 deditos
886 521 898 543 ,
918 503 1109 549 quorum
1126 486 1292 534 animus
1314 488 1440 535 inerti
1459 490 1563 538 otio.

277 570 439 618 torpet.
461 553 600 605 Dicat
615 557 706 620 ipse
725 557 802 604 fibi
821 577 830 609 ε
851 560 1062 621 Voluptas
1082 558 1245 621 fragilis
1265 561 1350 619 est,
1377 562 1524 609 brevis
1542 597 1556 620 ,

277 629 452 676 fastidio
467 629 637 676 obiecta
654 648 664 676 ε
681 647 771 693 quo
792 631 962 678 avidius
980 630 1124 677 hausta
1140 631 1221 688 est,
1241 633 1364 680 citius
1384 633 1427 679 in
1449 651 1554 680 con-

277 702 456 748 trarium
477 701 697 764 recidens,
728 703 852 750 cuius
874 703 1052 750 subinde
1075 704 1241 751 necesse
1261 704 1320 751 est
1343 717 1415 752 aut
1441 723 1552 770 poe·

275 774 436 833 niteat,
456 789 529 821 aut
553 776 726 838 pudeat.
759 779 808 822 In
829 792 914 839 qua
935 775 1044 822 nihil
1064 776 1123 823 est
1147 777 1427 840 magnificum
1442 815 1455 837 ,
1483 789 1556 825 aut

275 848 400 910 quod
420 860 617 895 naturam
632 848 845 903 hominis,
865 849 947 895 diis
968 849 1183 911 proximi,
1206 852 1370 898 deceat.
1391 869 1457 898 res
1475 851 1556 897 hu-

274 920 415 977 milis,
439 921 741 967 membrorum
763 921 954 981 turpium
975 938 1023 967 ac
1043 922 1195 967 vilium
1218 923 1456 970 ministerio
1478 940 1554 969 ve-

276 995 399 1041 niens
414 1029 427 1049 ,
446 994 564 1041 exitu
584 993 727 1040 foeda.
743 993 822 1038 Ista
840 993 900 1040 est
920 994 1122 1056 voluptas
1140 1010 1182 1042 et
1198 996 1378 1042 homine
1395 1007 1437 1043 et
1454 996 1555 1044 viro

275 1069 426 1131 digna,
449 1085 542 1115 non
571 1068 753 1130 implere
773 1083 932 1129 corpus
948 1103 959 1124 ,
981 1085 1060 1114 nec
1084 1068 1271 1131 saginare
1288 1105 1300 1126 ,
1326 1087 1406 1116 nec
1429 1068 1554 1131 cupi-

275 1143 429 1188 ditates
449 1141 616 1188 irritare
632 1176 644 1197 ,
673 1156 857 1204 quarum
876 1139 1076 1186 tutissima
1097 1140 1157 1186 est
1181 1142 1331 1203 quies:
1361 1142 1432 1187 sed
1457 1158 1555 1203 per·-

199 1219 211 1230 ⁶
274 1214 524 1261 turbatione
544 1210 718 1270 carere,
748 1226 792 1259 et
813 1230 860 1258 ea
888 1229 1015 1276 quam
1039 1214 1268 1260 hominum
1296 1214 1409 1260 inter
1434 1213 1475 1260 se
1496 1213 1554 1259 ri-

275 1288 470 1335 xantium
491 1288 677 1334 ambitus
706 1287 928 1342 concutit,
948 1299 990 1332 et
1008 1303 1057 1332 ea
1077 1304 1187 1349 quae
1205 1287 1484 1332 intolerabilis
1500 1304 1556 1333 ex

275 1364 364 1410 alto
383 1362 529 1420 venit,
561 1361 636 1408 ubi
661 1361 713 1407 de
738 1361 820 1407 diis
840 1359 979 1406 famae
1005 1361 1216 1408 creditum
1238 1360 1298 1406 est
1313 1396 1326 1418 ,
1346 1361 1553 1423 vitiisque

273 1437 372 1483 illos
397 1436 554 1482 nostris
579 1434 915 1482 aestimavimus.
943 1436 1069 1480 Hanc
1088 1434 1363 1496 voluptatem
1393 1449 1553 1496 aequa-

275 1508 387 1565 lem,
420 1507 709 1569 intrepidam,
746 1524 967 1570 nunquam
999 1506 1213 1553 sensuram
1242 1506 1302 1552 sui
1331 1506 1520 1552 taedium
1539 1541 1554 1564 ,

274 1580 460 1643 percipit
479 1580 550 1627 hic
583 1596 714 1642 quem
743 1579 1040 1627 deformamus
1065 1596 1166 1626 cum
1199 1579 1416 1626 maxime:
1449 1579 1554 1642 qui,

273 1666 323 1700 ut
339 1653 396 1698 ita
414 1652 554 1700 dicam
571 1688 585 1710 ,
606 1652 745 1698 divini
764 1652 866 1698 iuris
881 1665 1008 1713 atque
1029 1651 1205 1698 humani
1226 1651 1386 1713 peritus
1399 1687 1412 1707 ‚
1430 1667 1554 1713 prae-

273 1726 467 1773 sentibus
494 1727 678 1789 gaudet,
711 1744 764 1773 ex
791 1725 943 1772 futuro
974 1743 1063 1772 non
1094 1726 1267 1788 pendet.
1298 1726 1405 1771 nihil
1433 1725 1550 1772 enim

275 1799 392 1846 firmi
416 1801 564 1857 habet,
585 1800 662 1862 qui
680 1800 724 1845 in
745 1799 905 1845 incerta
926 1801 1166 1862 propensus
1186 1799 1256 1846 est.
1279 1799 1448 1862 Magnis
1464 1800 1548 1846 ita-

275 1890 361 1935 que
380 1874 492 1920 curis
519 1887 737 1928 exemtus,
762 1885 805 1919 et
823 1873 1191 1936 distorquentibus
1208 1884 1397 1918 mentem
1410 1907 1422 1929 ‚
1443 1872 1549 1919 nihil

274 1946 440 2006 sperat,
460 1957 532 1990 aut
559 1945 703 2007 cupit,
737 1963 816 1991 nec
839 1945 878 1991 se
897 1946 1028 1992 mittit
1053 1945 1096 1990 in
1117 1944 1296 1990 dubium
1311 1978 1324 2000 ‚
1346 1943 1422 1990 suo
1444 1961 1551 1992 con-

274 2029 435 2065 tentus.
471 2019 565 2064 Nec
596 2018 716 2064 illum
749 2018 961 2065 existimes
990 2034 1133 2080 parvo
1163 2016 1244 2062 effe
1279 2033 1550 2066 contentum.

273 2093 424 2138 omnia
442 2093 552 2140 illius
572 2093 667 2140 sunt
686 2110 776 2139 non
800 2093 854 2140 sic
871 2125 885 2148 ‚
916 2092 1292 2156 quemadmodum
1313 2092 1550 2139 Alexandri

275 2165 452 2211 fuerunt
475 2183 486 2211 :
520 2165 616 2224 cui,
645 2183 894 2229 quanquam
921 2165 964 2211 in
983 2165 1112 2211 litore
1135 2163 1264 2211 maris
1283 2165 1400 2210 rubri
1420 2163 1550 2212 stete·

234 2278 238 2280 ,
273 2251 364 2296 rat,
385 2239 479 2301 plus
506 2239 650 2286 deerat
675 2256 804 2302 quam
833 2257 915 2303 qua
945 2252 1138 2287 venerat.
1165 2238 1276 2284 illius
1304 2254 1359 2283 ne
1383 2255 1432 2284 ea
1451 2238 1549 2301 qui-

273 2312 371 2357 dem
401 2323 546 2367 erant,
568 2329 679 2375 quae
698 2313 898 2369 tenebat,
927 2324 998 2358 aut
1015 2312 1182 2359 vicerat
1195 2348 1207 2366 ‚
1227 2328 1326 2358 cum
1343 2309 1387 2356 in
1404 2314 1548 2358 Ocea-

273 2401 332 2430 no
350 2386 616 2433 Onesicritus
636 2386 888 2448 praemissus
905 2388 1158 2448 explorator
1181 2400 1364 2444 erraret,
1380 2399 1421 2433 et
1438 2386 1548 2433 bella

272 2459 317 2506 in
346 2458 504 2523 ignoto
535 2460 645 2507 mari
671 2474 910 2525 quaereret.
937 2462 1042 2508 Non
1069 2461 1165 2509 satis
1193 2461 1425 2524 apparebat
1442 2459 1545 2507 ino-

1737 842 1740 855 ,

1737 939 1741 1009 l

1732 1089 1737 1112 J
