1742 2967
364 169 462 218 DE
505 165 934 219 BENEFICIIS
989 174 1111 222 LIB.
1159 177 1251 223 VH.
1352 190 1441 241 333

172 274 235 322 ria
267 276 516 325 comitetur.
546 279 731 325 Videbis
766 296 875 342 quae
913 297 1050 343 puero
1078 283 1172 329 data
1202 284 1325 341 sunt,
1348 299 1445 332 ante

173 350 504 397 adolescentiam
537 352 702 413 elapsae
729 367 838 415 quae
863 353 906 398 in
927 353 1131 400 iuvenem
1163 356 1313 402 collata
1336 358 1448 415 sunt,

173 438 262 467 non
284 422 528 483 perdurasse
546 424 589 468 in
609 423 881 490 seneclutem.
915 426 1139 484 Quaedam
1168 426 1449 488 perdidimus,

172 497 385 557 quaedam
426 496 717 559 proiecimus,
749 495 956 560 quaedam
984 515 1008 545 e
1034 500 1262 562 conspectu
1298 501 1447 548 nostro

174 568 376 630 paulatim
409 569 636 616 exierunt:
669 586 691 615 a
718 570 979 632 quibusdam
1015 572 1167 618 oculos
1196 576 1446 621 avertimus.

178 640 242 686 Ut
263 640 462 687 excusem
487 640 565 686 tibi
591 642 928 688 imbecillitatem
959 654 1100 698 tuam,
1137 645 1335 706 inprimis
1361 646 1448 692 fra-

175 714 271 778 gilis
294 714 353 760 est
381 715 618 773 memoria,
646 728 689 761 et
707 729 850 761 rerum
878 716 1026 763 turbae
1052 732 1142 762 non
1173 718 1341 765 sufficit.
1370 734 1448 766 ne-

178 787 287 836 cefl'e
321 788 382 835 est
408 799 621 852 quantum
654 786 835 850 recipit,
866 787 1063 844 emittat,
1093 802 1135 835 et
1164 792 1449 854 antiquiffima

176 861 478 908 recentissimis
501 860 673 907 obruat.
701 860 771 906 Sic
789 859 947 907 failum
975 860 1057 919 est,
1074 873 1120 907 ut
1143 862 1320 909 minima
1337 865 1450 926 apud

177 946 221 981 te
240 934 420 981 nutricis
441 933 542 980 esset
565 932 795 980 aufioritas
812 950 822 979 ε
841 933 941 996 quia
962 933 1223 981 beneficium
1245 936 1333 982 eius
1352 937 1449 983 lon-

177 1009 273 1071 gius
294 1022 406 1054 aetas
429 1007 607 1071 sequens
632 1007 788 1070 posuit.
810 1006 866 1054 fic
887 1007 1043 1054 fastum
1063 1008 1143 1063 est,
1172 1020 1220 1055 ut
1239 1026 1448 1072 praecep-
1480 1038 1483 1041 ·

178 1082 286 1128 toris
304 1081 383 1127 tibi
401 1097 491 1127 non
512 1080 614 1127 esset
633 1081 716 1127 ulla
736 1080 964 1127 veneratio
984 1097 995 1127 ε
1013 1079 1069 1126 fic
1081 1082 1252 1138 evenit,
1270 1094 1317 1128 ut
1337 1082 1450 1130 circa

179 1153 417 1199 consularia
432 1166 652 1215 occupato
669 1151 846 1200 comitia
860 1183 875 1207 ‚
901 1163 975 1198 aut
989 1151 1330 1200 sacerdotiorum
1350 1170 1452 1201 can-

182 1225 356 1284 didato,
371 1225 625 1288 quaesturae
643 1223 1142 1288 suffragator-excideret.
1174 1227 1362 1274 Fortasse
1385 1228 1453 1274 vi·

180 1301 318 1357 tium,
353 1301 406 1346 de
433 1317 525 1364 quo
559 1300 774 1364 quereris,
804 1299 833 1345 fi
861 1313 903 1345 te
934 1298 1164 1362 diligenter
1192 1302 1421 1349 excusseris
1438 1337 1453 1360 ,

180 1371 226 1418 in
256 1371 347 1418 sinu
377 1371 586 1419 invenies.
628 1372 781 1434 Inique
809 1369 989 1433 publico
1023 1371 1215 1419 irasceris
1249 1374 1454 1433 crimini,

183 1445 305 1491 stulte
320 1460 413 1491 tuo.
431 1457 478 1491 ut
501 1443 757 1500 absolvaris,
777 1442 967 1506 ignosce.
995 1443 1226 1490 Meliorem
1245 1445 1366 1493 illum
1389 1446 1452 1492 fa-

184 1519 272 1566 cies
295 1517 481 1565 ferendo
496 1555 509 1576 ,
532 1520 682 1581 utique
707 1517 901 1579 peiorem
928 1517 1254 1578 exprobrando.
1282 1537 1371 1566 non
1393 1516 1454 1566 est

183 1591 305 1654 quod
331 1591 523 1638 frontem
554 1592 645 1637 eius
669 1590 844 1635 indures
869 1606 880 1635 ε
905 1588 989 1636 fine
1005 1625 1018 1647 ‚
1043 1590 1073 1634 si
1091 1590 1198 1653 quid
1223 1591 1281 1637 est
1307 1592 1463 1653 pudor

183 1664 241 1710 ris
266 1663 448 1718 residui,
470 1664 623 1710 servet.
657 1663 789 1723 Saepe
820 1661 996 1708 dubiam
1026 1664 1331 1710 verecundiam
1365 1679 1453 1710 vox

186 1737 475 1785 conviciantis
501 1736 659 1784 clarior
688 1734 816 1796 rupit.
850 1750 981 1779 nemo
1007 1735 1052 1780 id
1080 1735 1191 1791 effe,
1220 1736 1342 1799 quod
1366 1737 1454 1783 iam

186 1811 362 1860 videtur
378 1847 390 1867 ‚
412 1810 548 1856 timet.
574 1805 861 1870 deprehensus
881 1806 1024 1868 pudor
1041 1807 1262 1855 amittitur.

252 1880 426 1930 XX1X.
461 1880 634 1928 Perdidi
661 1877 934 1925 beneficium.
960 1880 1187 1942 Numquid
1217 1898 1325 1943 quae
1345 1896 1455 1926 con-

187 1955 475 2011 secravimus,
496 1951 726 2016 perdidisse
752 1967 832 1998 nos
856 1951 1067 1999 dicimus?
1099 1955 1211 2000 Inter
1230 1955 1456 2001 consecra-

189 2042 233 2077 ta
272 2028 531 2076 beneficium
564 2027 656 2084 est,
691 2026 819 2071 etiam
848 2025 878 2070 fi
907 2027 1016 2072 male
1051 2025 1302 2088 respondit,
1348 2026 1458 2073 bene

190 2101 412 2148 collatum.
450 2099 552 2144 Non
586 2097 647 2144 est
679 2094 778 2151 ille,
808 2096 980 2158 qualem
1006 2096 1284 2157 speravimus.
1317 2097 1460 2143 Simus

193 2173 340 2235 quales
382 2170 546 2217 fuimus
583 2186 664 2216 nos
690 2204 704 2226 ‚
755 2168 794 2214 ei
832 2168 1064 2214 dissimiles.
1105 2170 1309 2214 damnum
1358 2181 1463 2215 tunc

193 2245 351 2291 saelum
379 2275 393 2298 ‚
440 2259 554 2289 nunc
585 2242 796 2304 apparuit.
832 2241 1026 2303 Ingratus
1060 2257 1148 2286 non
1190 2242 1276 2287 sine
1315 2242 1464 2288 nostro

195 2319 365 2379 pudore
396 2317 665 2379 protrahitur
685 2334 696 2360 :
718 2315 926 2378 quoniam
947 2315 1122 2377 quidem
1150 2315 1320 2377 querela
1340 2316 1463 2362 amis·

194 2389 224 2435 si
266 2388 493 2446 beneficii,
535 2404 624 2433 non
658 2383 768 2433 bene
808 2387 895 2432 dati
928 2386 1091 2448 signum
1127 2387 1201 2433 est.
1237 2390 1463 2447 Quantum

193 2462 419 2526 possumus
437 2497 452 2521 ,
483 2460 655 2509 causam
686 2460 776 2507 eius
808 2460 921 2522 apud
946 2476 1029 2507 nos
1049 2476 1223 2524 agamus
1253 2479 1263 2507 :
1292 2461 1466 2508 fortasse
