1742 2967
309 159 401 194 220
552 148 600 194 L.
644 146 938 195 ANNAEI
989 149 1346 200 SENECAE

303 253 415 303 odio
440 254 689 319 pudorique
715 256 775 304 est
796 273 808 303 z
832 273 914 304 nec
944 256 1175 321 quisquam
1201 269 1371 306 tantum
1402 274 1426 305 a
1457 269 1588 306 natu·

305 327 384 374 rali
407 327 502 392 lege
526 328 728 386 descivit,
747 339 790 377 et
808 329 1036 376 hominem
1067 330 1219 388 exuit,
1243 343 1291 378 ut
1318 329 1452 378 animi
1480 348 1586 379 cau·

304 399 350 448 sa
380 400 516 447 malus
542 399 605 466 fit.
652 399 744 447 Dic
768 401 888 448 enim
914 401 1093 450 cuilibet
1122 419 1176 450 ex
1204 403 1320 459 istis,
1351 403 1428 467 qui
1457 417 1587 468 rapto

301 471 495 531 vivunt,
521 489 574 518 an
606 471 661 518 ad
692 471 764 519 illa
792 488 902 536 quae
931 473 1171 522 latrociniis
1201 487 1245 522 et
1274 475 1399 522 furtis
1427 476 1587 523 conse-

302 559 523 610 quuntur,
553 546 705 594 malint
734 548 905 595 ratione
934 548 1050 596 bona
1079 550 1347 613 pervenire?
1403 551 1590 614 Optabit

302 621 393 679 ille,
418 622 488 668 cui
507 620 678 684 graffari
696 633 739 668 et
756 622 1020 671 transeuntes
1040 635 1270 686 percutere
1288 624 1488 688 quaestus
1507 624 1587 684 est,

303 692 455 756 potius
484 693 553 738 illa
577 691 809 751 invenire,
835 710 966 757 quam
997 695 1179 757 eripere.
1207 695 1440 742 Neminem
1461 713 1590 758 repe-

304 767 422 824 ries,
453 765 529 830 qui
560 781 652 813 non
683 766 900 830 nequitiae
936 768 1140 831 praemiis
1173 768 1261 816 fine
1280 769 1472 833 nequitia
1501 768 1589 817 frui

307 838 442 886 malit.
491 838 738 886 Maximum
771 840 858 888 boc
889 841 1099 888 habemus
1135 855 1315 889 naturae
1353 842 1591 897 meritum,

235 912 239 917 ’
306 912 429 974 quod
453 911 593 960 virtus
611 912 658 959 in
675 914 876 960 omnium
897 914 1069 962 animos
1085 915 1234 962 lumen
1254 916 1378 962 suum
1405 914 1591 979 permit-

306 985 389 1032 tit:
423 984 554 1032 etiam
580 984 766 1048 quinon
793 986 1033 1051 sequuntur
1061 987 1175 1034 illam
1191 1023 1205 1047 ,
1225 987 1394 1037 vident.

371 1059 535 1105 XV111.
558 1060 622 1106 Ut
638 1058 768 1117 scias,
784 1076 864 1123 per
888 1061 931 1108 se
948 1061 1238 1124 expetendam
1258 1060 1344 1110 effe
1369 1058 1476 1124 grati
1494 1059 1592 1106 ani-

305 1131 368 1177 mi
405 1130 685 1178 affeffionem
705 1166 718 1188 ‚
752 1148 830 1194 per
865 1131 908 1179 se
938 1132 1143 1196 fugienda
1177 1148 1245 1179 res
1276 1130 1338 1178 est
1371 1132 1592 1194 ingratum

305 1205 391 1252 effe
413 1224 424 1253 :
447 1205 660 1268 quoniam
691 1206 802 1252 nihil
827 1215 966 1270 aeque
995 1206 1285 1254 concordiam
1307 1206 1488 1252 humani
1516 1223 1594 1270 ge-

306 1278 426 1326 neris
453 1277 653 1326 dissociat
677 1295 728 1325 ac
748 1277 965 1334 distrahit,
993 1295 1126 1342 quam
1158 1278 1246 1326 hoc
1276 1278 1450 1326 vitium.
1475 1280 1592 1326 Nam

305 1368 400 1416 quo
432 1351 522 1397 alio
560 1352 640 1398 tuti
674 1351 819 1399 sumus
837 1386 852 1410 ,
881 1369 1010 1416 quam
1040 1352 1165 1415 quod
1198 1352 1358 1398 mutuis
1387 1351 1594 1398 iuvamur

308 1425 498 1472 officiis?
520 1425 606 1472 hoc
631 1441 725 1472 uno
751 1426 999 1474 instructior
1026 1427 1143 1482 vita,
1174 1441 1419 1490 contraque
1446 1424 1595 1472 incur-

307 1498 450 1546 fiones
466 1498 626 1546 subitas
645 1500 862 1548 munitior
879 1501 956 1556 est,
971 1499 1290 1548 beneficiorum
1305 1498 1597 1547 commercio.

308 1574 393 1619 Fac
424 1588 506 1620 nos
535 1571 724 1636 {iugulos
753 1590 765 1619 :
793 1572 900 1637 quid
933 1574 1115 1621 sumus?
1150 1571 1310 1635 praeda
1340 1569 1595 1617 animalium

305 1656 350 1693 et
370 1645 605 1703 victimae,
641 1661 691 1692 ac
716 1644 1074 1693 imbecillissimus
1100 1656 1142 1691 et
1161 1642 1394 1690 facillimus
1415 1640 1597 1705 sanguis.

310 1718 538 1778 Quoniam
566 1719 722 1767 ceteris
751 1717 1039 1776 animalibus,
1057 1718 1103 1764 in
1127 1716 1302 1763 tutelam
1327 1714 1391 1761 sui
1410 1713 1505 1760 satis
1523 1715 1595 1761 vi-

307 1791 424 1839 rium
444 1792 505 1839 est
525 1811 537 1840 :
569 1809 855 1857 quaecunque
881 1783 992 1857 vaga
1017 1792 1278 1847 nascuntur,
1299 1801 1343 1836 et
1365 1789 1510 1836 actura
1533 1788 1595 1835 vi-

306 1874 395 1910 tam
417 1864 638 1930 segregem
655 1902 670 1924 ‚
699 1879 862 1914 armata
887 1867 985 1913 sunt
1006 1883 1017 1912 ε
1040 1862 1267 1912 hominem
1287 1861 1475 1908 imbellia
1500 1860 1594 1909 cin-

311 1938 376 2001 git
398 1955 409 1984 :
429 1956 521 1986 non
545 1940 757 2003 unguium
781 1941 877 1997 vis,
905 1956 995 1987 non
1020 1940 1237 1996 dentium,
1262 1935 1502 1984 terribilem
1529 1950 1594 1981 ce-

312 2010 417 2056 teris
437 2009 568 2058 fecit:
591 2013 755 2059 nudum
775 2024 818 2059 et
837 2012 1060 2059 infirmum
1082 2011 1265 2059 societas
1288 2007 1444 2055 munit.
1468 2009 1594 2055 Duas

312 2097 380 2127 res
408 2082 556 2138 dedit,
588 2100 701 2146 quae
730 2084 854 2130 illum
882 2083 1156 2138 obnoxium,
1188 2080 1495 2130 validiffimum
1524 2079 1594 2125 fa-

313 2165 492 2212 cerent,
521 2155 738 2202 rationem
769 2168 813 2203 et
846 2155 1113 2203 societatem.
1138 2157 1286 2218 Itaque
1314 2153 1392 2217 qui
1413 2167 1492 2215 par
1510 2148 1595 2199 esse

312 2224 420 2271 nulli
447 2225 617 2289 poffet,
639 2226 670 2273 fi
690 2226 992 2286 seduceretur,
1020 2243 1169 2274 rerum
1188 2227 1375 2291 potitur.
1401 2222 1595 2272 Societas

313 2297 376 2344 illi
414 2300 662 2347 dominium
694 2300 895 2347 omnium
932 2300 1181 2347 animalium
1219 2299 1340 2347 dedit
1367 2316 1379 2345 :
1411 2297 1595 2345 societas

317 2370 442 2417 terris
472 2372 692 2435 genitum,
723 2371 768 2417 in
795 2371 960 2420 alienae
992 2384 1167 2419 naturae
1198 2368 1426 2418 transmisit
1456 2369 1597 2432 impe-

314 2444 510 2503 rium,et
528 2445 748 2494 dominari
773 2446 903 2495 etiam
924 2447 969 2494 in
988 2446 1095 2493 mari
1120 2444 1244 2494 iuffir.
1264 2446 1384 2494 Haec
1408 2444 1594 2492 morbo·

1726 165 1736 245 4-3-

1735 299 1737 307 .
1728 253 1736 290 ,ἐκ
