1742 2967
357 145 456 227 m:
504 179 1115 231 BENEFICHSLIB.
1165 187 1218 234 11.
1353 187 1442 250 169

163 285 207 335 se
233 287 376 335 homo
403 287 648 338 voluntate.
678 290 901 351 Quotiens
925 292 1048 353 quod
1078 294 1312 356 proposuit
1340 295 1440 359 quis

163 360 471 424 consequitur,
510 363 627 424 capit
665 363 812 426 operis
848 363 910 411 sui
938 363 1147 413 fruetum.
1180 369 1274 428 Qui
1307 369 1440 415 bene-

163 433 316 481 ficium
347 434 420 481 dat
442 470 457 492 ,
489 435 594 498 quid
627 437 870 498 proponit?
908 438 1111 500 prodess‘e
1149 439 1189 485 ei
1230 440 1301 487 cui
1338 442 1440 499 dat,

162 519 207 555 et
235 507 450 570 voluptati
478 509 554 554 fibi
584 508 681 555 effe.
712 509 754 555 Si
781 511 903 573 quod
933 512 1102 569 voluit,
1136 511 1306 568 effecit,
1336 530 1438 576 per-

160 579 375 643 venitque
400 580 453 626 ad
483 597 554 626 me
583 580 751 627 animus
773 583 887 637 eius,
917 600 967 629 ac
991 599 1145 630 mutuo
1180 585 1340 647 gaudio
1367 584 1440 631 af-

161 652 290 708 fecit,
315 653 416 700 tulit
445 652 566 716 quod
593 653 732 715 petiit.
766 654 871 700 Non
895 656 1011 701 enim
1041 655 1116 701 fibi
1143 656 1333 704 invicem
1359 659 1439 705 ali-

161 724 270 786 quid
286 725 411 771 reddi
433 725 578 771 voluit
596 744 607 772 ;
634 739 709 773 aut
732 743 823 772 non
843 726 925 774 fuit
948 728 1209 775 beneficium
1227 766 1240 788 ‚
1269 730 1340 777 sed
1360 747 1438 778 ne-

159 796 360 858 gotiatio.
394 797 511 843 Bene
538 797 786 861 navigavit,
815 798 891 861 qui
915 816 1046 862 quem
1071 799 1301 848 destinavit
1329 819 1438 864 por-

159 884 283 931 tum,
311 871 460 918 tenuit.
507 871 579 919 teli
616 871 749 918 iactus
776 887 920 918 certae
949 889 1102 919 manus
1135 875 1302 938 peregit
1331 876 1436 923 offi-

159 944 305 1002 cium,
331 945 360 990 fi
391 942 525 1006 petita
553 945 768 1006 percuffit.
818 945 1079 992 beneficium
1108 950 1183 1010 qui
1213 950 1309 1005 dat,
1342 950 1439 997 vult

158 1017 305 1082 excipi
334 1035 467 1081 grate.
497 1019 625 1065 habet
652 1020 778 1082 quod
805 1020 970 1077 voluit,
997 1022 1026 1066 fi
1059 1022 1170 1068 bene
1200 1037 1436 1086 acceptum

157 1091 232 1137 est.
283 1092 367 1138 Sed
404 1092 594 1153 speravit
624 1093 969 1139 emolumenturn
1002 1094 1194 1158 aliquod.
1229 1113 1319 1142 non
1356 1096 1436 1142 fuit

156 1168 245 1213 hoc
268 1163 551 1223 beneficium,
581 1167 704 1213 cuius
736 1167 962 1229 proprium
989 1168 1074 1226 est,
1102 1169 1211 1215 nihil
1244 1171 1297 1216 de
1319 1170 1436 1216 redi-

157 1253 205 1286 tu
231 1238 440 1300 cogitare.
477 1239 615 1298 Quod
646 1239 937 1301 accipiebam,
963 1239 992 1285 fi
1023 1258 1077 1287 eo
1106 1243 1256 1289 animo
1284 1242 1436 1305 accepi

157 1328 251 1375 quo
279 1312 486 1365 dabatur,
518 1311 702 1357 reddidi.
736 1312 940 1376 Alioquin
960 1314 1136 1375 peffima
1157 1316 1352 1377 optimae
1373 1315 1437 1362 rei

152 1386 360 1434 conditio
384 1386 444 1432 est
463 1403 474 1431 :
495 1398 541 1432 ut
561 1398 706 1449 gratus
736 1386 839 1442 fim,
868 1388 922 1432 ad
954 1387 1174 1434 fortunam
1202 1389 1368 1436 mittor.
1391 1389 1436 1436 Si

157 1459 230 1508 illa
260 1459 398 1506 invita
432 1459 697 1522 respondere
731 1475 824 1505 non
854 1458 1053 1521 possum,
1084 1461 1239 1509 sufficit
1266 1463 1437 1510 animus

156 1532 321 1579 animo.
337 1531 460 1592 Quid
477 1531 613 1594 ergo?
636 1549 725 1578 non
746 1532 961 1595 quidquid
980 1545 1141 1595 potero
1155 1571 1168 1592 ‚
1192 1548 1234 1581 et
1251 1534 1405 1581 faciam
1421 1571 1437 1592 ,

157 1622 203 1653 et
220 1605 428 1653 reddam?
447 1617 700 1667 temporum
720 1622 956 1669 rerumque
973 1606 1247 1655 occasionem
1269 1607 1438 1670 sequar,

157 1696 203 1728 et
227 1681 319 1728 eius
342 1680 526 1743 implere
557 1681 693 1726 finum
720 1680 890 1742 cupiam
908 1716 922 1737 ,
948 1697 973 1727 a
1003 1697 1094 1744 quo
1116 1681 1278 1744 aliquid
1309 1697 1436 1728 acce-

159 1754 240 1817 pi?
273 1753 345 1801 sed
376 1754 496 1801 malo
528 1755 634 1802 loco
659 1746 919 1802 beneficium
953 1753 1042 1813 est,
1072 1753 1149 1799 nifi
1183 1766 1226 1800 et
1254 1752 1437 1800 excuffis

156 1829 358 1875 manibus
379 1829 465 1876 effe
491 1843 615 1891 grato
632 1828 748 1876 licet.

222 1902 417 1948 XXXII.
461 1901 556 1961 Qui
585 1900 782 1963 accepit,
809 1899 979 1963 inquit,
1011 1898 1301 1954 beneficium,
1333 1898 1438 1946 licet

157 1973 308 2020 animo
330 1973 639 2038 benigniffimo
657 1972 900 2035 acceperit,
923 1988 1015 2018 non
1036 1971 1359 2019 consummavit
1374 1969 1439 2016 of·

117 2095 119 2098 ,
157 2047 310 2094 ficium
335 2048 470 2094 suum.
494 2046 622 2094 restat
639 2047 756 2093 enim
777 2062 872 2108 pars
892 2045 1114 2091 reddendi.
1144 2044 1262 2091 Sicut
1280 2044 1324 2090 in
1343 2043 1439 2090 lusu

157 2121 222 2169 est
246 2122 437 2181 aliquid,
467 2120 600 2182 pilam
632 2121 738 2167 scite
769 2137 819 2167 ac
843 2119 1073 2182 diligenter
1100 2118 1335 2181 excipere3
1365 2117 1437 2165 sed

159 2209 252 2240 non
277 2192 439 2240 dicitur
471 2192 612 2239 bonus
641 2192 786 2247 lusor,
817 2191 892 2237 nisi
927 2190 1003 2253 qui
1032 2203 1131 2252 apte
1161 2202 1204 2237 et
1231 2190 1436 2251 expedite

159 2266 333 2320 remisit,
352 2282 483 2329 quam
502 2278 744 2328 exceperat.
761 2265 1018 2327 Exemplum
1037 2264 1125 2311 hoc
1143 2263 1342 2310 diffimile
1359 2262 1440 2311 est.

157 2339 324 2401 quare?
351 2339 453 2402 quia
480 2339 603 2385 huius
626 2339 690 2384 rei
719 2338 811 2385 laus
831 2338 875 2384 in
903 2337 1104 2399 corporis
1129 2349 1256 2383 motu
1284 2336 1372 2393 est,
1391 2351 1437 2384 et

157 2410 201 2456 in
230 2411 443 2474 agilitate,
475 2428 566 2457 non
601 2411 646 2456 in
679 2411 841 2457 animo.
874 2409 1085 2470 explicari
1116 2409 1261 2470 itaque
1289 2420 1435 2455 totum

156 2482 307 2543 debet,
332 2483 387 2532 de
406 2500 497 2549 quo
518 2484 660 2533 oculis
708 2482 933 2532 iudicatur.
957 2484 1053 2531 Nec
1071 2493 1214 2529 tamen
1233 2481 1335 2530 ideo
1360 2497 1452 2528 non
