1742 2967
328 188 419 230 214
552 174 601 219 L.
653 172 952 218 ANNAEI
1005 171 1372 219 SENECAE

323 294 414 324 rem
432 313 444 333 ,
463 290 630 341 gratum
647 313 660 335 ‚
690 275 820 324 alieni
850 277 1131 324 abstinentem
1149 314 1163 336 ,
1188 279 1252 326 sui
1272 295 1364 326 non
1392 296 1522 328 avare
1541 292 1608 328 te-

324 367 506 405 nacem,
536 350 820 398 benevolum.
860 351 991 398 Hunc
1022 367 1133 398 vero
1160 369 1259 398 cum
1288 353 1490 416 elegero,
1508 355 1609 401 licet

323 424 431 470 nihil
459 424 519 470 illi
551 425 726 471 fortuna
752 425 915 471 tribuat
933 460 946 482 ,
980 441 1073 487 quo
1101 425 1264 473 referre
1293 428 1472 490 gratiam
1506 428 1609 490 pos-

321 497 401 552 fit,
422 514 477 542 ex
508 496 715 543 sententia
742 513 808 542 res
840 497 956 561 gesta
981 496 1077 543 erit.
1106 497 1149 543 Si
1176 499 1333 545 utilitas
1357 516 1427 546 me
1457 511 1499 546 et
1515 501 1607 546 sor-

321 566 423 616 dida
442 568 715 631 computatio
739 568 960 614 liberalem
992 566 1125 625 facit,
1147 568 1182 614 fi·
1197 570 1299 616 nulli
1318 571 1519 633 prosum,
1542 573 1610 619 ni-

322 641 353 686 si
382 652 429 686 ut
454 642 647 687 invicem
667 640 738 687 ille
763 640 871 686 mihi
890 639 1025 702 profit
1046 659 1057 686 ε
1088 657 1180 687 non
1199 642 1315 688 dabo
1342 642 1606 691 beneficium

320 715 618 778 proficiscenti
661 716 705 761 in
749 716 937 762 diversas
977 715 1324 780 longinquasque
1370 718 1609 780 regiones,

318 805 413 835 non
446 788 562 834 dabo
588 787 793 834 abfuturo
822 787 1015 850 semper,
1035 804 1127 834 non
1158 788 1274 834 dabo
1307 788 1363 835 fic
1382 788 1538 836 affee‘to
1559 802 1606 838 ut

319 860 413 922 spes
446 860 486 906 ei
520 860 634 906 nulla
663 858 712 905 fit
746 859 1110 915 convalescendi,
1135 876 1226 906 non
1260 860 1376 907 dabo
1405 861 1494 923 ipse
1525 863 1606 908 de-

319 930 497 988 ficiens,
525 949 615 978 non
648 932 769 978 enim
801 932 944 978 habeo
975 945 1150 993 tempus
1177 932 1435 995 recipiendi.
1469 934 1608 996 Atqui

321 1017 370 1048 ut
410 1002 534 1057 scias,
565 1019 660 1048 rem
688 1020 765 1063 per
797 1002 837 1048 se
865 1003 1152 1064 expetendam
1182 1002 1294 1058 effe,
1323 1003 1608 1062 benefacere;

321 1075 502 1121 advenis
529 1075 669 1120 modo
697 1075 743 1120 in
761 1074 955 1119 nostrum
989 1074 1139 1120 delatis
1160 1086 1335 1135 portum
1352 1110 1366 1132 ,
1394 1086 1436 1122 et
1463 1075 1606 1124 statim

321 1147 527 1203 abituris,
553 1146 856 1194 succurrimus.
881 1150 1041 1210 Ignoto
1059 1145 1273 1208 naufrago
1299 1163 1455 1193 navem
1473 1183 1486 1205 ,
1519 1165 1606 1210 qua

320 1221 575 1278 revehatur,
598 1232 640 1267 et
659 1220 810 1266 damus
828 1232 871 1264 et
889 1218 1152 1265 instruimus.
1180 1218 1379 1265 Discedit
1405 1219 1504 1275 ille,
1527 1221 1606 1268 vix

320 1295 418 1342 satis
452 1308 562 1341 noto
597 1294 737 1341 salutis
770 1284 971 1351 aufi’mre,
1003 1307 1048 1339 et
1085 1309 1304 1356 nunquam
1337 1294 1522 1356 amplius
1557 1294 1606 1341 in

321 1369 605 1431 conspeRum
649 1368 845 1415 nostrum
885 1368 1167 1426 reversurus,
1219 1368 1441 1415 debitores
1476 1370 1606 1417 nobis

322 1444 430 1489 deos
461 1443 650 1506 delegat,
690 1454 979 1504 precaturque
1011 1442 1069 1487 illi
1101 1458 1184 1504 pro
1212 1441 1253 1487 se
1283 1442 1463 1503 gratiam
1493 1443 1607 1489 refe-

320 1529 419 1563 rant
446 1535 457 1562 :
485 1517 660 1562 interim
692 1532 773 1561 nos
807 1515 929 1561 iuvat
960 1513 1111 1560 sterilis
1141 1514 1342 1578 beneficii
1373 1516 1605 1562 conscien-

322 1590 394 1636 tia.
433 1588 556 1648 Quid
583 1605 681 1635 curn
717 1587 762 1632 in
795 1588 891 1650 ipso
914 1587 1029 1634 vitae
1051 1585 1139 1631 fine
1172 1585 1470 1644 constitimus,
1499 1603 1603 1633 cum

325 1661 630 1708 testamentum
660 1660 941 1717 ordinamus,
975 1675 1066 1706 non
1094 1658 1304 1705 beneficia
1338 1660 1465 1706 nobis
1492 1660 1600 1706 nihil

321 1736 553 1798 profutura
587 1735 856 1794 dividimus?
892 1747 1102 1796 quantum
1134 1734 1345 1796 temporis
1378 1733 1604 1780 consumi-

322 1820 392 1854 tur
406 1845 419 1866 ,
441 1807 647 1871 quamdiu
667 1807 833 1853 secreto
851 1807 992 1869 agitur
1009 1842 1021 1863 ,
1048 1818 1258 1868 quantum
1287 1819 1329 1852 et
1353 1806 1509 1868 quibus
1528 1807 1602 1854 de-

323 1881 456 1926 mus?
489 1881 614 1939 Quid
647 1881 764 1926 enim
800 1878 1003 1934 interest,
1036 1879 1192 1940 quibus
1226 1879 1403 1935 demus,
1427 1895 1451 1924 a
1480 1880 1604 1927 nullo

322 1951 577 2012 recepturi?
606 1949 739 2011 Atqui
769 1966 988 2011 nunquam
1016 1949 1263 2011 diligentius
1289 1950 1463 2008 damus,
1491 1969 1604 1998 nun-

323 2039 453 2100 quam
482 2022 616 2084 magis
641 2021 798 2068 iudicia
827 2021 970 2067 nostra
993 2035 1271 2083 torquemus,
1293 2039 1423 2084 quam
1447 2024 1521 2069 ubi
1541 2042 1604 2071 re-

323 2094 455 2139 motis
481 2093 757 2144 utilitatibus,
788 2091 928 2138 solum
961 2104 1058 2138 ante
1090 2094 1248 2139 oculos
1272 2092 1501 2140 honestum
1522 2094 1605 2141 ste-

321 2166 408 2213 tit.
438 2167 604 2213 tamdiu
645 2166 894 2212 officiorum
928 2165 1030 2211 mali
1062 2166 1253 2223 iudices,
1288 2166 1496 2228 quamdiu
1529 2167 1602 2214 illa

322 2241 533 2300 depravat
559 2240 650 2301 spes
666 2256 715 2285 ac
733 2251 899 2295 metus,
919 2256 968 2284 ac
987 2238 1287 2285 inertissimum
1308 2229 1490 2295 vitium,
1512 2256 1600 2287 vo-

321 2311 476 2372 luntas.
501 2312 592 2357 Ubi
616 2328 737 2357 mors
767 2310 1001 2358 interclusit
1029 2311 1208 2369 omnia,
1230 2324 1272 2358 et
1302 2313 1355 2358 ad
1374 2311 1600 2358 ferendam

321 2354 575 2428 ieiitentiam
615 2383 922 2444 incorruptum
958 2383 1147 2429 iudicem
1182 2382 1320 2441 misit,
1356 2382 1602 2445 quaerimus

322 2452 595 2515 dignissimos
608 2490 622 2515 ,
637 2456 796 2519 quibus
821 2456 966 2505 nostra
986 2457 1204 2504 'tradamus
1223 2473 1233 2504 z
1252 2473 1334 2521 nec
1357 2455 1598 2520 quidquam
