1742 2967
340 214 428 263 ¹54
577 201 626 246 L.
677 200 978 247 ANNAEI
1025 201 1366 252 SENECAE

397 307 522 353 XIV.
537 308 645 354 Sunt
664 308 877 371 quaedam
895 308 1095 356 nocitura
1113 308 1472 373 impetrantibus:
1490 325 1602 373 quae

332 394 424 424 non
443 379 543 425 dare
558 416 571 436 ‚
594 381 667 427 sed
686 398 865 445 negare,
887 381 1147 429 beneficium
1173 383 1248 430 est.
1269 381 1604 429 Aestimabimus

329 451 478 516 itaque
506 454 734 502 utilitatem
763 456 910 519 potius
930 491 944 513 ,
978 472 1112 519 quam
1145 459 1416 505 voluntatem
1449 470 1604 518 peten-

330 524 456 571 tium.
475 527 610 589 Saepe
622 527 739 573 enim
760 529 890 574 noxia
903 528 1281 591 concupiscimus,
1300 546 1380 577 nec
1395 528 1605 590 dispicere

329 613 463 659 quam
491 599 735 660 perniciosa
755 600 834 645 sint
854 600 955 646 licet
977 617 988 645 :
1013 600 1113 662 quia
1133 601 1338 649 iudicium
1360 600 1606 662 interpellat

330 669 520 718 affthus.
538 673 609 719 sed
630 691 731 720 cum
753 674 941 722 subsedit
960 675 1198 737 cupiditas,
1217 690 1318 722 cum
1338 675 1523 737 impetus
1537 671 1607 718 ille

331 740 552 804 flagrantis
577 744 732 802 animi,
757 745 835 808 qui
856 746 1080 792 confilium
1107 747 1252 809 fugat,
1276 745 1460 801 cecidi13
1485 744 1608 790 dete-

332 813 496 863 stamur
514 819 784 880 perniciosos
804 820 1025 867 malorum
1055 837 1283 867 munerum
1306 821 1518 867 aufiores.
1545 818 1609 864 Ut

330 888 536 953 frigidam
558 894 695 958 aegris
716 910 922 957 negamus
937 929 950 951 ,
981 907 1023 940 et
1047 894 1292 956 lugentibus
1316 910 1367 940 ac
1395 891 1473 937 fibi
1492 889 1610 937 iratis

330 959 496 1010 ferrum
517 1000 529 1017 ‚
548 977 622 1011 aut
638 968 881 1012 amantibus
899 964 1116 1029 quidquid
1136 978 1287 1010 contra
1307 963 1347 1010 se
1369 961 1520 1008 usurus
1537 976 1610 1006 ar-

331 1032 419 1079 dor
443 1035 574 1097 petit:
595 1038 652 1083 fic
671 1054 718 1083 ea
735 1074 751 1095 ,
769 1054 879 1101 quae
896 1038 1098 1084 nocitura
1117 1036 1211 1083 sunt
1229 1035 1422 1098 impense
1441 1051 1491 1080 ac
1509 1032 1611 1079 sub-

330 1102 483 1162 misse,
508 1121 826 1171 nonnunquam
852 1108 984 1155 etiam
1008 1106 1309 1154 miserabiliter
1331 1103 1612 1169 rogantibus,

330 1175 710 1236 perseverabimus
737 1197 830 1226 non
857 1181 972 1227 dare.
998 1181 1119 1226 Tum
1144 1179 1264 1225 initia
1293 1176 1611 1225 beneficiorum

330 1245 512 1294 suorum
532 1249 724 1313 spec'tare
740 1286 754 1309 ,
773 1263 868 1297 tum
888 1250 1019 1297 etiam
1040 1250 1183 1298 exitus
1208 1250 1359 1298 decet:
1382 1260 1426 1296 et
1442 1264 1492 1295 ea
1510 1247 1614 1293 dare

332 1333 446 1379 quae
469 1336 560 1367 non
592 1334 760 1370 tantum
783 1323 1007 1386 accipere,
1036 1323 1108 1370 sed
1136 1323 1264 1369 etiam
1293 1320 1504 1383 accepiss‘e
1532 1320 1612 1365 de-

330 1387 476 1437 leetet.
499 1394 626 1440 Multi
644 1394 740 1441 sunt
759 1396 833 1459 qui
857 1396 1023 1443 dicant:
1045 1396 1148 1442 Scio
1167 1395 1253 1442 hoc
1270 1395 1330 1441 illi
1347 1410 1438 1440 non
1459 1392 1614 1455 profu-

333 1474 497 1511 turum.
511 1464 584 1511 sed
598 1468 704 1529 quid
719 1468 904 1516 faciam?
921 1482 1047 1531 rogat
1061 1505 1074 1527 ,
1091 1468 1280 1515 resistere
1300 1466 1502 1530 precibus
1520 1467 1613 1512 eius

335 1550 428 1580 non
448 1538 635 1598 possum.
661 1541 832 1588 Viderit
854 1559 868 1597 3
896 1542 1008 1589 dese
1024 1578 1037 1599 ‚
1067 1558 1157 1588 non
1183 1543 1236 1588 de
1261 1558 1361 1598 me,
1393 1554 1614 1603 queretur.

336 1611 503 1658 Falsum
523 1613 612 1660 est:
637 1618 778 1663 immo
805 1619 858 1664 de
877 1631 940 1676 te,
967 1632 1008 1664 et
1030 1617 1188 1663 merito
1207 1616 1383 1679 quidem
1402 1633 1412 1661 :
1435 1632 1536 1661 cum
1561 1615 1618 1661 ad

338 1698 535 1733 mentem
554 1688 717 1734 bonam
741 1692 941 1748 redierit,
956 1707 1055 1737 cum
1079 1689 1262 1736 accessio
1282 1687 1352 1733 illa
1367 1723 1380 1745 ‚
1397 1702 1507 1751 quae
1524 1686 1618 1732 ani-

338 1775 460 1805 mum
480 1761 800 1821 inflammabat,
829 1766 1053 1812 remiserit.
1091 1764 1259 1825 Quidni
1278 1779 1377 1809 eum
1401 1761 1568 1819 oderit,
1594 1777 1619 1807 a

340 1848 434 1894 quo
451 1834 496 1880 in
516 1836 724 1885 damnum
739 1855 788 1885 ac
808 1839 1053 1901 periculum
1075 1840 1196 1885 suum
1215 1837 1382 1884 adiutus
1397 1836 1486 1883 est?
1503 1837 1622 1883 Exo-

338 1907 423 1953 rari
441 1906 487 1953 in
502 1910 739 1969 perniciem
755 1914 1003 1975 rogantium
1017 1948 1031 1971 ‚
1045 1913 1168 1959 saeva
1180 1910 1355 1957 bonitas
1368 1909 1439 1956 est.
1451 1911 1624 1970 Quem-

339 1979 581 2027 admodum
605 1982 950 2044 pulcherrimum
970 2001 1084 2046 opus
1097 1983 1184 2042 est,
1206 1982 1334 2030 etiam
1355 1981 1522 2030 invitos
1539 1998 1623 2029 no-

341 2052 568 2118 lentesque
597 2057 765 2104 servare
791 2076 801 2103 :
835 2060 893 2107 ita
929 2060 1182 2123 rogantibus
1211 2057 1413 2121 pestifera
1444 2057 1621 2121 largiri,

345 2123 555 2173 blandum
577 2143 622 2176 et
648 2130 818 2178 affabile
849 2133 1002 2179 odium
1034 2131 1109 2178 est.
1134 2129 1403 2178 Beneficium
1435 2129 1626 2187 demus,

347 2199 472 2259 quod
501 2201 582 2246 usu
601 2204 736 2266 magis
755 2221 805 2251 ac
827 2205 962 2268 magis
983 2205 1174 2267 placeat,
1198 2203 1321 2266 quod
1341 2219 1561 2265 nunquam
1578 2201 1624 2249 in

351 2271 514 2318 malum
534 2287 691 2322 vertat.
718 2277 949 2324 Pecuniam
979 2294 1071 2323 non
1096 2275 1241 2331 dabo,
1269 2291 1398 2339 quam
1419 2289 1624 2320 numera·

349 2353 496 2390 turum
527 2346 746 2395 adulterae
775 2349 905 2397 sciam
932 2367 943 2395 :
976 2365 1030 2395 ne
1055 2349 1101 2394 in
1135 2348 1336 2394 societate
1362 2344 1497 2406 turpis
1525 2342 1625 2390 facti

350 2430 423 2462 aut
449 2419 617 2466 confilii
645 2421 857 2470 inveniar.
883 2422 926 2468 Si
952 2437 1136 2485 potero,
1168 2419 1426 2468 revocabo:
1452 2415 1511 2462 fin
1536 2416 1623 2461 mi·-

353 2504 454 2549 nuS,
480 2507 571 2539 non
593 2493 813 2543 adiuvabo
842 2495 990 2544 scelus.
1022 2497 1122 2542 Sive
1152 2495 1273 2542 illum
1304 2494 1395 2547 ira,
1422 2506 1511 2554 quo
1535 2504 1628 2537 non
