1742 2967
289 147 381 211 198
526 147 904 193 L.ANNAE1
956 147 1307 195 SENECAE

284 270 340 300 ex
365 253 448 300 tuis
467 253 716 309 beneficiis,
747 252 910 300 etiamfi
930 270 1021 301 non
1041 254 1126 300 fine
1144 254 1250 311 tuis,
1270 254 1425 302 oritur.
1455 256 1564 304 Puta

283 343 355 373 me
390 327 525 374 vitam
560 344 644 390 pro
675 327 765 375 vita
800 325 1046 373 reddidisse.
1090 327 1160 374 Sic
1190 345 1369 392 quoque
1403 346 1564 378 munus

283 415 411 447 tuum
452 399 574 458 vici,
609 417 708 448 cum
748 417 833 462 ego
868 400 1063 446 dederim
1101 399 1340 459 sentienti,
1377 402 1564 450 sentiens

283 488 355 519 me
393 472 495 519 dare
535 490 546 519 ε
591 489 691 519 cum
732 471 868 520 vitam
907 472 986 517 tibi
1029 488 1120 518 non
1157 473 1398 535 voluptatis
1443 492 1565 524 meae

284 543 407 590 causa
425 579 437 600 ‚
458 554 531 590 aut
559 555 674 589 certe
692 559 769 605 per
791 543 1061 605 voluptatem
1090 543 1286 589 dederim
1309 563 1318 590 :
1347 562 1448 591 cum
1469 558 1563 592 tan-

283 626 334 661 to
353 614 489 661 maius
512 614 561 661 sst
580 615 769 661 retinere
789 614 983 676 spiritum
998 650 1010 672 ‚
1029 631 1160 677 quam
1180 618 1401 678 accipere,
1427 634 1566 680 quan-

284 701 334 734 10
366 687 505 734 levius
531 688 647 736 mori
665 700 762 734 ante
785 688 937 734 mortis
956 700 1138 735 metum.

350 761 526 807 XXXI.
553 764 647 824 Ego
668 760 805 807 vitam
833 761 932 807 dedi
962 760 1102 807 statim
1132 761 1203 807 illa
1226 763 1387 810 usuro:
1414 776 1461 810 tu
1488 782 1567 812 ne-

286 834 466 894 scituro,
480 853 533 882 an
547 837 749 883 viverem
765 852 774 880 :
793 850 877 898 ego
892 836 1027 881 vitam
1043 836 1159 892 dedi,
1173 851 1362 883 mortem
1378 838 1568 885 timenti:

287 920 335 954 tu
353 910 489 955 vitam
512 908 686 964 dedisti,
701 921 747 954 ut
764 908 878 953 mori
899 907 1065 968 possem
1083 926 1093 954 z
1112 924 1195 971 ego
1213 909 1348 955 vitam
1368 911 1446 958 tibi
1464 913 1563 958 dedi

286 981 632 1028 consummatam
647 1016 660 1035 ,
679 978 915 1043 perfeftam
935 997 946 1025 :
980 993 1027 1027 tu
1047 996 1117 1026 me
1141 995 1367 1042 expertem
1388 984 1569 1033 rationis
1597 1015 1599 1017 ·

286 1052 490 1114 genuisti,
506 1068 618 1099 onus
631 1053 835 1098 alienum.
858 1049 939 1097 'Vis
962 1051 1069 1098 scire
1088 1068 1241 1114 ,quam
1268 1069 1360 1099 non
1378 1053 1426 1100 fit
1446 1073 1566 1119 mag-

287 1141 390 1170 num
406 1124 666 1172 beneficium
680 1162 692 1184 ‚
708 1126 843 1171 vitam
864 1124 919 1171 fic
939 1124 1069 1171 dare?
1093 1125 1374 1187 exposuiffes3
1412 1144 1570 1191 nempe

287 1196 441 1244 iniuria
462 1210 552 1244 erat
576 1198 780 1262 genuisse.
814 1200 923 1258 Quo
943 1198 1118 1261 quidem
1145 1199 1309 1263 colligo
1336 1201 1569 1248 minimum

286 1268 373 1316 effe
397 1269 660 1318 beneficium
679 1307 694 1327 ‚
716 1271 851 1333 patris
883 1270 1120 1333 matrisque
1147 1273 1436 1319 concubitum
1451 1309 1466 1331 ,
1491 1274 1567 1320 nifi

286 1343 539 1391 accesserint
556 1344 654 1402 alia,
668 1361 778 1412 quae
792 1345 1156 1408 prosequerentur
1173 1345 1260 1390 hoc
1278 1346 1449 1391 initium
1469 1363 1569 1393 mua

287 1415 422 1473 neris,
448 1429 490 1463 et
506 1416 597 1463 aliis
619 1417 778 1464 officiis
794 1429 934 1463 ratum
953 1415 1160 1462 facerent.
1191 1417 1294 1462 Non
1322 1416 1382 1463 est
1401 1418 1568 1464 bonum

288 1487 463 1544 vivere,
490 1489 561 1536 sed
587 1490 697 1537 bene
724 1489 889 1537 vivere,
930 1493 986 1535 At
1017 1488 1129 1534 bene
1158 1481 1271 1536 vivo
1301 1506 1311 1534 x
1340 1488 1412 1534 sed
1442 1489 1567 1550 potui

285 1572 329 1611 et
350 1563 485 1608 male:
511 1561 569 1615 ita
588 1563 675 1610 hoc
694 1574 859 1609 tantum
885 1562 945 1608 est
963 1575 1112 1619 tuum,
1131 1562 1254 1624 quod
1276 1561 1401 1608 vivo.
1443 1561 1487 1607 Si
1506 1562 1569 1608 vi-

287 1644 377 1678 tam
397 1632 584 1695 imputas
605 1634 710 1680 mihi
736 1650 815 1696 per
835 1633 902 1690 se,
929 1633 1090 1678 nudam
1106 1668 1120 1690 ,
1141 1645 1343 1694 egentem
1374 1631 1567 1691 consilii,

287 1715 330 1750 et
348 1704 392 1750 id
413 1717 459 1751 ut
490 1722 695 1770 magnum
722 1706 891 1752 bonum
917 1704 1046 1751 iaetas
1067 1721 1077 1752 ε
1101 1703 1246 1768 cogita
1272 1714 1314 1749 te
1345 1702 1454 1749 mihi
1481 1702 1567 1750 im-

287 1788 439 1839 putare
469 1778 713 1825 muscarum
743 1795 794 1825 ac
825 1778 1043 1826 vermium
1073 1778 1254 1823 bonum.
1289 1776 1488 1834 Deinde,
1520 1790 1567 1825 ut

285 1850 394 1897 nihil
414 1851 530 1898 aliud
555 1851 724 1909 dicam,
751 1869 882 1916 quam
902 1851 1031 1897 bonis
1055 1850 1218 1897 artibus
1241 1866 1311 1896 me
1337 1848 1568 1908 studuiss‘e‚

286 1938 334 1970 ut
365 1925 536 1970 cursum
565 1925 618 1971 ad
645 1921 810 1971 re&um
844 1926 927 1971 iter
954 1923 1069 1970 vitae
1101 1924 1333 1986 dirigerem
1357 1923 1440 1969 :'in
1469 1922 1565 1985 ipso

285 1997 502 2045 beneficio
523 2010 630 2054 tuo,
655 1999 791 2045 maius
814 2015 943 2062 quam
972 1998 1096 2061 quod
1122 1996 1329 2052 dederas,
1352 1997 1568 2059 recepisti.

285 2069 357 2116 Tu
388 2070 503 2117 enim
529 2087 599 2118 me
627 2072 734 2118 mihi
762 2071 915 2118 rudem
941 2083 984 2117 et
1004 2068 1257 2131 imperitum
1279 2067 1431 2115 dedisti
1448 2087 1459 2115 :
1479 2085 1569 2133 ego

284 2142 362 2190 tibi
384 2143 545 2199 filium,
567 2145 736 2208 qualem
762 2143 950 2208 genuiffe
971 2143 1200 2207 gauderes.

349 2219 544 2265 XXXII.
567 2219 680 2265 Aluit
700 2236 768 2265 me
790 2234 922 2281 pater.
946 2218 989 2264 Si
1008 2218 1122 2263 idem
1150 2217 1337 2279 praesto,
1358 2217 1453 2280 plus
1472 2216 1565 2263 red·-

285 2289 346 2336 do
367 2308 376 2335 :
397 2291 496 2351 quia
521 2309 610 2337 non
633 2305 798 2338 tautum
823 2291 877 2337 ali
907 2291 974 2350 se,
996 2289 1071 2337 sed
1089 2307 1112 2336 a
1134 2290 1228 2336 filio
1246 2290 1303 2337 ali
1322 2288 1499 2353 gaudet,
1520 2302 1564 2334 et

285 2363 496 2410 maiorem
520 2381 575 2410 ex
594 2364 743 2411 animo
769 2380 875 2411 meo
891 2399 905 2422 ,
931 2379 1063 2426 quam
1089 2380 1143 2409 ex
1168 2362 1258 2425 ipsa
1285 2380 1356 2420 re,
1380 2359 1567 2424 percipit

283 2432 574 2501 voluptatem.
612 2435 730 2483 Illius
748 2434 950 2485 alimenta
969 2434 1026 2485 ad
1045 2450 1205 2497 corpus
1224 2447 1393 2483 tantum
1414 2447 1563 2481 meum
