1742 2967
288 164 385 218 ¹94¹
549 149 596 194 L.
642 149 926 195 ANNAei
975 151 1329 199 SENECAE
1380 134 1390 136 “

277 257 324 303 se
353 256 509 303 Caesar
533 256 677 304 facere
696 275 707 303 ε
729 258 904 313 Nemo,
937 258 1106 320 inquit,
1138 261 1286 308 credet
1307 276 1350 308 te
1381 275 1555 309 mecum

280 330 324 377 in
351 331 531 394 gratiam
562 330 712 376 rediffe
729 366 744 388 ,
772 329 848 375 nisi
877 330 1037 393 aliquid
1063 331 1168 376 mihi
1189 334 1451 381 donaveris:
1484 352 1560 397 pe-

278 404 419 467 titque
441 420 531 450 non
551 402 846 448 fastidiendam
868 420 891 448 a
911 403 1110 465 propitio
1126 405 1338 451 summam
1362 425 1371 452 :
1407 419 1449 453 et
1474 407 1562 452 im-

279 478 484 541 petravit.
502 476 659 522 Caesar
677 477 758 521 ait:
784 477 884 521 Mea
905 476 1028 522 causa
1056 478 1171 524 dabo
1188 495 1387 541 operam,
1405 495 1458 525 ne
1477 495 1562 524 un·-

280 569 414 613 quam
447 550 527 597 tibi
560 550 726 597 irascar.
762 550 954 596 Honeste
987 551 1173 609 Caesar,
1202 553 1328 614 quod
1360 552 1564 616 ignovit,

279 627 404 689 quod
444 625 744 672 liberalitatem
781 625 1034 672 clementiae
1074 625 1247 672 adiecit.
1294 628 1562 690 Quicunque

277 703 369 748 hoc
394 700 612 748 audiverit
630 700 884 762 exemplum
901 735 914 757 ,
946 699 1115 745 neceffe
1133 699 1195 744 est
1213 701 1441 747 Caesarem
1468 702 1562 748 lau-

279 775 379 830 det,
409 773 481 819 sed
509 768 608 820 cum
635 768 808 819 servum
831 784 929 818 ante
949 771 1202 833 laudaverit.
1238 773 1356 818 Num
1381 774 1561 836 exspec-

278 863 343 895 tas
362 883 374 904 ,
405 863 453 892 ut
480 846 557 892 tibi
587 862 756 891 narrem
787 844 1093 890 manumissum
1111 878 1125 900 ,
1155 845 1230 907 qui
1256 845 1344 892 hoc
1362 845 1560 893 fecerat?

280 938 363 968 nec
381 935 524 967 tamen
546 919 688 982 gratis.
714 918 945 981 pecuniam
969 933 1052 979 pro
1073 918 1270 964 libertate
1295 917 1388 966 eius
1404 917 1562 966 Caesar

273 1005 597 1039 numeraverat„

345 1066 482 1112 XXV
490 1066 558 1110 111.
586 1062 686 1110 Post
704 1062 996 1127 tot-exempla
1015 1080 1120 1110 num
1137 1062 1201 1110 est
1218 1062 1402 1109 dubium
1416 1098 1429 1121 ,
1452 1063 1560 1124 quin

279 1139 543 1188 beneficium
586 1137 824 1201 aliquando
864 1155 888 1184 a
924 1137 1055 1184 servo
1097 1139 1304 1184 dominus
1340 1135 1562 1200 accipiat?

277 1217 430 1275 Quare
451 1212 598 1275 potius
624 1212 809 1277 persona
835 1229 927 1259 rem
958 1212 1149 1277 minuat,
1179 1228 1308 1275 quam
1329 1212 1562 1274 personam

279 1305 348 1335 res
371 1287 459 1349 insa.
480 1283 771 1335 cohonestet?
802 1285 965 1333 Eadem
991 1286 1196 1332 omnibus
1225 1285 1436 1347 principia
1451 1315 1466 1339 ‚
1489 1300 1562 1330 ea-

279 1363 471 1424 demque
489 1360 620 1423 origo
637 1376 649 1405 ε
668 1375 800 1406 nemo
820 1360 959 1409 altero
977 1359 1199 1414 nobilior,
1218 1357 1292 1403 nisi
1314 1358 1386 1404 cui
1404 1358 1564 1405 reffius

274 1433 502 1497 ingenium
519 1467 532 1488 ‚
561 1447 605 1480 et
633 1432 797 1479 artibus
815 1432 955 1479 bonis
982 1432 1136 1495 aptius.
1160 1430 1252 1489 Qui
1278 1430 1485 1492 imagines
1516 1430 1564 1475 in

282 1509 393 1557 atrio
419 1520 671 1570 exponunt,
699 1518 744 1553 et
774 1506 952 1552 nomina
982 1504 1171 1552 familiae
1197 1505 1295 1550 {uae
1319 1503 1459 1567 longo
1484 1520 1564 1551 or·

269 1585 383 1630 *dine
400 1619 412 1633 ,,
434 1599 485 1628 ac
507 1581 654 1627 multis
674 1579 949 1626 stemmatum
976 1578 1136 1641 illigata
1154 1574 1332 1623 flexuris
1345 1611 1359 1633 ,
1376 1576 1420 1622 in
1440 1590 1564 1639 parte

282 1656 422 1719 prima
451 1653 623 1700 aedium
648 1652 871 1699 collocant
897 1669 909 1698 :
936 1651 1031 1697 neti
1050 1650 1216 1714 magis,
1243 1666 1373 1714 quam
1395 1649 1566 1697 nobiles

283 1730 405 1776 sunt>
427 1729 554 1774 Unus
586 1725 787 1772 omnium
821 1734 986 1787 parens
1010 1724 1199 1771 mundus
1234 1722 1332 1770 est:
1364 1722 1454 1770 five
1487 1740 1566 1785 per

283 1799 562 1863 splendidos,
581 1796 672 1844 five
693 1813 770 1859 per
789 1796 990 1843 sordidos
1011 1797 1192 1860 gradus,
1217 1796 1272 1842 ad
1287 1795 1408 1842 hunc
1426 1795 1564 1857 prima

282 1873 495 1935 cuiusque
515 1870 647 1934 origo
667 1869 933 1932 perducitur.
953 1871 1057 1916 Non
1084 1869 1146 1917 est
1160 1901 1174 1925 ‚
1196 1869 1316 1933 quod
1338 1881 1381 1916 te
1400 1867 1467 1915 isti
1487 1869 1565 1916 de-

282 1946 447 2009 cipiant
467 1961 477 1990 ι
499 1943 576 2007 qui
597 1960 700 1990 cum
720 1942 907 1990 maiores
924 1943 1022 1990 suos
1040 1934 1289 1998 recensent»,
1309 1942 1564 2005 ubicunque

281 2018 444 2084 illustre
466 2032 629 2065 nornen
655 2015 843 2073 defecit,
873 2015 951 2062 illo
981 2016 1109 2062 deum
1136 2015 1381 2062 infulciunt.
1407 2017 1566 2063 Nemi·-

257 2104 384 2139 ”nem
404 2088 672 2153 despexeris,
693 2087 857 2136 etiamsi
877 2087 992 2135 circa
1011 2088 1131 2134 illum
1149 2088 1346 2136 obsoleta
1366 2088 1464 2135 sunt
1479 2102 1566 2133 no-

283 2165 431 2220 mina,
459 2175 502 2211 et
525 2168 682 2227 'parum
709 2161 962 2224 indulgente
988 2161 1132 2209 adiuta
1163 2160 1369 2209 fortuna:
1399 2161 1488 2209 five
1511 2159 1564 2206 h·-

283 2236 446 2285 bertini
463 2249 563 2284 ante
582 2252 664 2282 vos
682 2235 919 2292 habentur,
940 2232 1030 2281 five
1048 2232 1187 2291 servi,
1208 2231 1298 2280 five
1317 2244 1563 2278 exterarum

262 2315 265 2317 ’
283 2309 477 2373 gentium
497 2308 713 2355 homines.
741 2307 902 2370 Erigite
928 2307 1129 2353 audaEter
1155 2305 1324 2351 animos
1338 2339 1354 2363 ,
1373 2314 1416 2350 et
1431 2302 1560 2365 quid-

281 2381 391 2445 quid
413 2382 458 2428 in
478 2382 626 2429 medio
645 2381 808 2428 sordidi
827 2382 962 2438 iacet,
989 2378 1196 2426 transilite
1215 2395 1226 2422 ε
1245 2377 1460 2438 εκΐρεᾶειῑ
1478 2388 1561 2421 vos

256 2474 262 2486 -’
286 2455 333 2503 Tin
356 2455 527 2503 summo
547 2471 702 2520 magna
722 2455 939 2502 nobilitas.
966 2453 1089 2514 Quid
1113 2451 1311 2515 superbia
1332 2451 1377 2496 in
1399 2458 1561 2496 tantam
