1742 2967
1127 119 1151 137 Ο

282 179 341 230 62
520 192 568 238 L.
622 190 912 239 ANNAEI
960 185 1310 240 SENECAE

280 309 411 342 runt:
442 314 580 361 quos,
610 299 786 362 quando
812 299 948 346 lavari
978 300 1188 358 debeant,
1217 301 1395 364 quando
1420 310 1543 350 natae-⁴

280 383 326 413 re
345 404 357 426 ‚
385 371 560 432 quando
591 387 777 417 coenare
794 405 808 426 ‚
837 371 943 418 alius
974 372 1182 418 admonet
1209 390 1220 418 :
1248 385 1291 418 et
1322 389 1455 435 usque
1483 388 1541 418 eo

279 439 420 488 nimio
452 441 624 489 delicati
653 442 785 488 animi
812 444 1021 506 languore
1046 444 1301 503 solvuntur,
1328 458 1376 490 ut
1399 461 1476 507 per
1501 445 1544 490 se

279 515 385 560 scire
417 532 507 561 non
536 514 722 576 possint,
753 533 807 562 an
836 515 1035 564 esuriant.r
1080 517 1223 564 Audio
1248 517 1465 581 quendam
1490 533 1544 562 ex

278 587 468 634 delicatis
498 587 553 651 (fi
577 588 716 634 modo
743 588 922 635 deliciae
950 590 1175 638 vocandae
1193 590 1312 648 sunt,
1339 589 1474 637 vitam
1501 598 1545 636 et

278 660 637 708 consuetudinem
664 661 896 708 humanam
919 661 1160 725 dediscere)
1182 679 1284 709 cum
1307 679 1360 708 ex
1387 663 1546 710 balneo

277 731 392 778 inter
417 749 568 779 manus
593 733 749 791 elatus,
770 737 823 781 'et
847 733 893 779 in
920 734 1015 781 sella
1040 736 1200 798 positus
1227 735 1358 792 esset,
1392 734 1545 782 dixiffe

276 804 613 869 interrogando,
643 809 728 852 Iam
760 806 920 854 sedeo?
952 809 1081 855 Hunc
1107 822 1154 854 tu
1184 805 1544 871 ignorantem'au

277 878 449 932 sedeat,
475 890 594 940 putas
623 879 729 926 scire
754 896 808 926 an
838 880 989 936 vivat,
1016 896 1071 926 an
1099 881 1275 939 videat,
1299 898 1352 927 an
1379 880 1546 928 otiosus

277 950 360 998 fit?
391 968 481 998 non
514 950 638 998 facile
670 953 885 1008 dixerim,
916 966 1060 1000 utrum
1092 954 1228 1017 magis
1255 954 1486 1010 miserear,
1514 953 1547 999 fi

277 1025 367 1091 hoc
394 1025 633 1089 ignoravit,
661 1045 714 1074 an
754 1029 783 1074 fi
819 1029 860 1076 se
889 1029 1091 1093 ignorare
1121 1026 1260 1074 finxit.
1305 1028 1544 1073 Multarum

275 1099 456 1161 quidem
484 1114 628 1145 rerum
663 1098 939 1146 oblivionem
969 1096 1184 1155 sentiunt,
1211 1097 1282 1143 sed
1310 1098 1547 1144 multarum

231 1216 234 1218 ,
277 1186 321 1218 et
344 1170 594 1226 imitantur:
615 1174 824 1235 quaedam
851 1171 956 1219 vitia
981 1170 1083 1231 illos?
1105 1169 1222 1233 quasi
1249 1169 1464 1218 felicitatis
1481 1187 1548 1217 ει·-

267 1236 506 1307 Ῑςῑιτῃεηῐει,
537 1245 762 1293 ἀεῙεὲἲᾶητ.
797 1245 941 1293 Nimis
958 1243 1131 1290 humilis
1151 1256 1194 1289 et
1221 1244 1432 1291 contemti
1460 1246 1549 1291 ho-

277 1316 406 1364 minis
429 1316 513 1364 effe
533 1317 707 1365 videtur
724 1354 737 1375 ‚
756 1318 861 1365 scire
875 1355 889 1376 ‚
909 1317 1012 1381 quid
1030 1316 1173 1366 faciat.
1197 1318 1214 1362 1
1235 1333 1351 1364 nunc
1365 1353 1378 1373 ‚
1405 1326 1447 1363 et
1471 1316 1553 1363 mi-

277 1407 376 1437 mos
407 1391 540 1437 multa
567 1391 743 1438 mentiri
771 1392 825 1437 ad
849 1390 1198 1454 exprobrandam
1226 1388 1441 1451 luxuriam
1469 1405 1550 1450 pu-

277 1473 333 1508 ta.
378 1462 505 1509 Plura
541 1462 786 1510 mehercule
819 1475 1091 1525 praetereunt
1123 1477 1251 1524 quam
1281 1459 1447 1523 fingunt
1467 1496 1479 1515 ,
1505 1473 1551 1508 et

278 1545 394 1580 tanta
414 1534 730 1592 incredibilium
749 1535 960 1582 vitiorum
981 1535 1134 1597 copia,
1151 1530 1375 1596 ingenioso
1395 1533 1438 1577 in
1459 1532 1547 1578 hoe

277 1622 413 1651 unum
443 1606 613 1662 secum,
649 1607 878 1669 processit,
911 1620 958 1654 ut
992 1608 1078 1653 iam
1106 1608 1343 1653 mimorum
1373 1621 1550 1667 arguere

277 1678 488 1739 possimus
513 1678 831 1742 negligentiam.
868 1680 963 1726 Effe
991 1682 1198 1742 aliquem,
1227 1678 1303 1741 qui
1327 1693 1462 1740 usque
1494 1692 1551 1723 eo

278 1751 441 1797 deliciis
464 1752 704 1810 interierit,
730 1764 780 1799 ut
800 1770 850 1799 an
872 1753 1039 1807 sedeat,
1065 1752 1186 1799 alteri
1215 1750 1389 1798 credat?

343 1825 462 1869 Xffl.
485 1825 589 1869 Non
616 1822 676 1870 est
702 1839 807 1887 ergo
832 1823 996 1870 otiosus
1014 1823 1082 1868 hic
1105 1842 1114 1867 ;
1138 1821 1255 1867 aliud
1284 1836 1449 1867 nomen
1469 1819 1551 1865 im-

277 1911 427 1958 ponas.
453 1912 580 1955 aeger
602 1894 661 1941 est
676 1913 691 1952 3
709 1894 848 1941 immo
872 1907 1069 1942 mortuus
1087 1894 1161 1940 est.
1197 1894 1270 1939 Ille
1293 1892 1459 1939 otiosus
1475 1891 1552 1949 est,

279 1967 350 2012 cui
370 1967 449 2014 otii
469 1968 531 2013 sui
549 1967 689 2014 sensus
711 1967 770 2013 est
790 1985 798 2013 :
821 1968 892 2013 hic
911 1982 1020 2012 vero
1045 1965 1303 2021 semivivuss,
1325 1965 1394 2013 cui
1410 1965 1462 2011 ad
1479 1964 1549 2010 in«

278 2040 537 2103 telligendos
565 2040 765 2104 corporis
790 2040 851 2088 sui
870 2040 1037 2086 habitus
1054 2039 1196 2105 indice
1213 2053 1322 2100 opus
1344 2037 1416 2084 est.
1437 2054 1552 2101 quo-

280 2116 421 2161 modo
456 2114 596 2177 potest
627 2116 699 2161 hic
729 2114 910 2160 alicuius
947 2113 1157 2175 temporis
1189 2112 1394 2159 dominus
1425 2110 1550 2157 effe?

279 2185 479 2251 Persequi
502 2189 689 2253 singulos
719 2188 899 2250 longum
931 2186 991 2233 est
1018 2203 1030 2232 z
1059 2202 1249 2248 quorum
1278 2199 1350 2231 aut
1379 2185 1550 2230 latrun-

280 2263 393 2319 culi,
420 2277 492 2310 aut
510 2261 592 2326 pila
614 2298 628 2318 ,
647 2274 718 2311 aut
734 2259 1009 2324 excoquendi
1034 2259 1076 2304 in
1098 2259 1183 2305 soie
1201 2257 1400 2320 corporis
1420 2272 1517 2304 cura
1535 2287 1552 2312 ‚

280 2335 553 2383 Consumsere
578 2334 728 2382 vitam.
755 2334 859 2380 Non
883 2333 979 2379 sunt
1001 2330 1154 2390 otiosi,
1178 2348 1369 2394 quorum
1391 2329 1552 2390 volup-

280 2420 385 2453 tates
411 2408 593 2454 multum
620 2407 786 2471 negotii
806 2406 979 2453 liabent.
1007 2405 1119 2450 Nam
1145 2404 1196 2449 de
1219 2403 1301 2450 illis
1315 2417 1448 2449 nemo
1475 2402 1553 2445 du-

281 2479 466 2537 bitavit,
496 2480 599 2543 quin
628 2479 811 2543 operose
840 2476 947 2525 nihil
975 2489 1129 2540 agant,
1158 2476 1234 2539 qui
1260 2475 1304 2521 in
1330 2473 1551 2522 literarum
