1742 2967
360 114 461 190 D'E
505 139 943 190 aimericus
985 146 1243 194 L18.V11.
1355 165 1446 211 3¹7

170 245 258 293 riae
283 245 419 310 spolia
439 264 639 311 propone
660 264 670 294 t
690 247 780 296 five
801 248 870 295 illa
894 250 961 297 vis
979 268 1057 312 per
1078 253 1277 300 ordinem
1296 271 1448 317 expani.

171 321 300 374 dere,
328 322 417 366 five
440 322 517 379 (ut
546 320 607 366 est
639 320 823 384 melius)
853 322 896 368 in
926 341 1061 370 unum
1093 341 1299 373 acervum
1333 331 1450 378 dare.

172 391 321 438 Video
365 392 629 438 elaboratam
669 392 915 453 scrupulosa
959 395 1228 445 distinctione
1269 400 1449 447 testudi-

105 508 108 512 ,
173 479 295 519 nem,
313 476 354 508 at
372 462 720 509 foedissimorum
749 465 1178 530 pigerrimorumque
1199 471 1449 519 animalium

174 537 322 594 testas,
357 537 599 600 ingentibus
630 540 774 600 pretiis
807 552 965 596 emtas,
993 541 1036 588 in
1071 543 1228 606 quibus
1263 545 1352 608 ipsa
1383 548 1452 594 illa

174 627 285 674 quae
315 611 453 672 placet
482 611 693 666 varietas,
730 611 908 658 subditis
939 615 1289 675 medicamentis,
1318 618 1361 664 in
1396 619 1452 665 si·-

174 682 464 729 militudinem
496 683 591 729 veri
619 683 855 728 coloratur.
902 685 1049 731 Video
1077 685 1169 735 istic
1196 690 1383 749 mensas,
1410 704 1452 738 et

178 753 444 801 aestimatum
485 754 649 816 lignum
686 753 893 801 senatoris
925 757 1080 814 censu,
1113 776 1167 805 eo
1203 762 1456 821 pretiosius,

177 846 269 893 quo
296 828 438 874 illud
429 845 484 873 m
502 829 574 889 plt
579 843 645 874 res
678 829 821 874 nodos
840 864 852 885 ,
894 831 1061 878 arboris
1089 832 1315 881 infelicitas
1355 848 1453 882 tor-

179 903 240 949 fit.
274 902 420 948 Video
445 901 540 948 istic
571 901 845 965 crystallina,
877 920 1066 966 quorum
1094 908 1292 954 accendit
1320 906 1453 973 f1·agi‹

178 976 273 1023 litas
311 976 515 1056 pretim-n.
550 992 750 1021 omnum
782 976 898 1022 enim
931 994 1076 1024 rerum
1108 980 1308 1042 voluptas
1337 982 1457 1044 apud

179 1048 435 1111 imperitos,
460 1048 554 1110 ipso
584 1065 674 1111 quo
701 1048 848 1110 fugare
879 1049 1008 1096 debet
1038 1051 1256 1112 periculo,
1293 1054 1459 1102 crescit.

183 1121 329 1167 Video
360 1120 582 1166 murrhina
611 1121 783 1182 pocula,
809 1137 963 1183 parum
989 1122 1147 1170 scilicet
1165 1123 1334 1171 luxuria
1363 1143 1459 1172 ma·-

182 1213 270 1259 gno
288 1194 444 1253 fuerit,
468 1196 543 1241 nisi.
561 1197 681 1259 quod
701 1212 910 1253 vomant,
934 1197 1162 1259 capacibus
1183 1200 1365 1261 gemmis
1384 1200 1458 1246 in·

182 1284 248 1318 ter
266 1270 308 1316 se
328 1270 628 1333 propinarent.
655 1270 801 1317 Video
826 1270 1010 1316 uniones
1026 1307 1041 1327 ‚
1062 1288 1150 1317 non
1171 1272 1356 1335 fingulos
1375 1273 1460 1321 {in-

184 1343 295 1406 gulis
324 1344 496 1388 auribus
521 1354 827 1404 comparatos:
856 1342 942 1388 iam
968 1343 1085 1388 enim
1111 1344 1367 1392 exercitatae
1384 1363 1461 1392 au-

185 1434 253 1463 res
285 1415 411 1462 oneri
441 1415 623 1463 ferendo
654 1416 746 1461 sunt
773 1432 783 1461 z
815 1415 1052 1478 iunguntur
1086 1415 1198 1462 inter
1227 1415 1297 1470 se,
1326 1430 1368 1463 et
1391 1418 1460 1463 in-

186 1491 312 1549 super
346 1488 417 1534 alii
446 1489 557 1534 binis
592 1488 960 1550 superponuntur.
993 1503 1083 1533 non
1112 1487 1209 1534 satis
1240 1489 1462 1538 muliebris

186 1561 345 1608 insania
371 1560 492 1607 viros
518 1560 871 1626 subieceratfflifi
905 1561 1003 1606 bina
1030 1576 1079 1606 ac
1102 1571 1221 1606 terna
1254 1562 1464 1624 patrimo-

189 1635 257 1680 nia
291 1634 464 1680 auribus
491 1633 665 1696 lingulis
692 1633 1003 1697 pependissent.
1037 1633 1178 1680 Video
1206 1634 1356 1683 sericas
1385 1653 1462 1682 ve·

190 1707 272 1755 stes
289 1744 301 1766 ‚
318 1708 347 1753 fi
369 1706 505 1753 vestes
528 1708 756 1754 vocandae
783 1708 902 1764 sunt,
923 1707 966 1752 in
988 1707 1145 1769 quibus
1166 1707 1271 1754 nihil
1291 1707 1350 1755 est
1370 1725 1465 1770 quo

190 1781 368 1829 defendi
397 1792 469 1828 aut
495 1797 683 1842 corpus,
707 1795 779 1828 aut
807 1782 995 1844 denique
1015 1781 1159 1842 pudor
1183 1779 1311 1843 poffit
1333 1798 1342 1826 :
1363 1779 1465 1843 qui-

191 1854 273 1901 bus
309 1854 484 1910 sumtis,
514 1853 667 1899 mulier
698 1871 853 1917 parum
887 1853 1089 1917 liquide,
1120 1855 1278 1899 nudam
1307 1854 1346 1900 se
1375 1869 1468 1898 non

192 1927 304 1984 effe,
328 1927 498 1973 iurabit.
536 1927 656 1973 Haec
685 1927 849 1990 ingenti
876 1927 1066 1982 summa,
1085 1926 1138 1971 ab
1162 1926 1322 1988 ignotis
1339 1924 1467 1971 etiam

196 2002 249 2047 ad
277 1999 594 2047 commercium
622 2001 818 2063 gentibus
850 1999 1136 2055 arceffitntur,
1167 2015 1215 2046 ut
1243 2012 1469 2045 matronae

196 2073 395 2127 nostrae,
426 2090 479 2119 ne
507 2073 710 2118 adulteris
743 2073 940 2136 quidem,
968 2072 1061 2136 plus
1089 2071 1150 2118 sui
1178 2072 1223 2117 in
1249 2070 1470 2127 cubiculo,

197 2164 327 2210 quam
351 2147 395 2192 in
425 2146 605 2209 publico
631 2146 873 2192 ostendant.

263 2220 322 2266 X.
360 2220 482 2280 Quid
510 2220 599 2281 agis
628 2219 844 2265 avaritia?
875 2228 987 2281 quot
1016 2234 1162 2264 rerum
1192 2215 1367 2265 caritate
1394 2229 1476 2261 auo‘

199 2307 295 2338 rum
321 2305 445 2340 tuum
469 2292 633 2337 victum
653 2292 748 2338 est?
769 2292 920 2337 omnia
938 2291 1012 2336 ista
1030 2307 1138 2353 quae
1159 2290 1309 2342 retuli,
1325 2289 1370 2335 in
1392 2306 1477 2334 ma-

203 2366 298 2411 iore
329 2365 502 2411 honore
531 2366 762 2427 pretioque
794 2365 905 2410 sunt.
949 2365 1079 2410 Nunc
1113 2365 1219 2410 volo
1246 2377 1341 2409 tuas
1370 2378 1480 2423 opes

205 2437 540 2501 recognoscere,
556 2437 733 2489 Laminas
745 2437 969 2499 utriusque
990 2437 1212 2493 materiae,
1224 2436 1278 2482 ad
1289 2451 1396 2499 quas
1410 2451 1480 2483 cu-
