1742 2967
341 222 431 286 '138
595 223 998 272 LL‘ANNAEI
1043 224 1400 272 SENECAE

336 342 465 378 erunt
482 347 493 376 :
515 328 576 378 ita
602 332 819 395 quaedam
841 368 854 391 ‚
873 331 1040 380 etiamst
1057 332 1110 380 de
1127 332 1208 379 illis
1227 333 1338 380 male
1355 332 1626 396 sperabiturg

338 401 554 452 faciemus
573 442 585 463 ‚
613 404 967 467 tribuemusque‚
999 421 1089 452 non
1114 406 1254 453 solum
1278 406 1306 452 fi
1338 406 1626 454 iudicabimus

338 473 535 538 ingratos
559 478 681 535 fore,
710 477 784 524 sed
804 476 839 535 fir
855 477 1036 524 sciemus
1058 478 1194 525 fuiffe.
1216 481 1445 542 Tanquam
1463 478 1493 523 fi
1511 477 1627 525 filios

337 548 467 595 alicui
504 550 724 597 restituere
747 562 936 612 potero,
967 566 1127 613 magno
1162 551 1358 613 periculo
1386 551 1593 597 liberatos
1611 584 1625 606 ‚

336 621 425 669 fine
458 625 550 671 ullo
585 642 719 682 meo,
744 643 835 673 non
867 627 1091 673 dubitabo0
1119 627 1342 690 Dignum,
1375 626 1504 673 etiam
1540 626 1626 672 im-

336 697 506 759 pendio
525 698 742 764 sanguinis
772 701 857 747 mei
884 701 1068 759 tuebor,
1090 701 1194 748 etin
1220 712 1385 763 partem
1407 699 1624 745 discrimi-

335 768 402 814 nis
428 771 604 817 veniam
628 789 638 818 z
658 773 884 836 indignum
901 805 912 827 ‚
935 771 965 818 si
983 773 1154 835 eripere
1177 772 1417 819 latronibus
1436 784 1621 835 potero,

331 840 531 890 clamore
550 845 741 904 sublat0,
766 844 990 893 salutarem
1009 861 1169 894 vocem
1191 843 1361 891 homini
1380 861 1471 891 non
1497 844 1624 907 pige-

336 912 400 962 bit
424 916 639 964 emittere.

401 989 480 1034 XI.
501 990 703 1053 Sequitur
718 1002 767 1037 ut
785 984 1000 1047 dicamus,
1020 1006 1130 1053 quae
1147 989 1356 1037 beneficia
1373 990 1512 1036 danda
1527 989 1625 1047 sint,

336 1071 380 1108 et
406 1064 798 1125 quemadmodum.
832 1064 981 1109 Primo
1006 1064 1159 1109 demus
1187 1063 1440 1120 necessaria,
1467 1062 1623 1109 deinde

333 1134 454 1182 utilia
469 1172 480 1192 ‚
500 1136 658 1183 deinde
678 1137 864 1184 iucunda
881 1173 893 1194 ‚
919 1137 1070 1200 utique
1092 1136 1301 1183 mansura.
1320 1136 1623 1198 Incipiendum

334 1208 396 1254 est
426 1221 571 1255 autem
599 1227 622 1255 a
645 1210 902 1256 neceffariis.
924 1209 1044 1255 aliter
1067 1208 1185 1255 enim
1215 1209 1269 1254 ad
1298 1208 1494 1255 animum
1520 1225 1621 1270 per-

333 1282 485 1337 venit,
510 1283 631 1344 quod
653 1282 787 1329 vitam
811 1282 1028 1329 continet:
1048 1281 1168 1327 aliter
1187 1281 1310 1344 quod
1328 1292 1533 1335 exornat,
1548 1294 1623 1329 aut

333 1349 514 1400 instruit.
548 1353 693 1400 Potest
720 1355 762 1400 in
786 1371 842 1401 eo
872 1353 1025 1416 aliquis
1044 1352 1287 1399 fastidiosus
1310 1352 1394 1399 effe
1424 1352 1622 1399 aestima-

331 1439 405 1473 tor
423 1461 436 1483 ‚
462 1443 554 1488 quo
582 1427 708 1474 facile
742 1428 953 1474 cariturus
985 1426 1074 1484 est,
1106 1427 1159 1472 de
1191 1441 1282 1488 quo
1312 1424 1457 1471 dicere
1487 1424 1618 1470 licetz

331 1499 500 1561 Recipe
518 1531 532 1553 ‚
559 1516 652 1546 non
685 1501 913 1561 defidero:
936 1516 1038 1546 meo
1063 1510 1292 1546 contentus
1310 1498 1417 1545 sum.
1442 1497 1619 1543 interim

330 1587 422 1617 non
444 1573 628 1620 reddere
649 1572 818 1620 tantu‘m
842 1572 946 1619 libet
964 1573 1086 1636 quod
1106 1570 1344 1632 acceperis,
1368 1570 1439 1617 sed
1459 1570 1621 1616 abiice-

330 1660 393 1694 re.
429 1648 492 1691 Ex
521 1646 587 1692 his
622 1661 732 1710 quae
760 1645 991 1692 necessaria
1024 1644 1146 1700 sunt,
1179 1643 1393 1706 quaedam
1425 1643 1617 1705 primum

329 1718 534 1765 obtinent
554 1719 733 1776 locum,
762 1719 851 1764 fine
877 1718 1032 1782 quibus
1060 1733 1150 1763 non
1177 1715 1402 1778 possumus
1431 1715 1586 1763 vivere
1606 1750 1620 1773 ,

326 1794 546 1853 quaedam
567 1795 806 1842 secundum
819 1829 832 1851 ,
852 1793 939 1840 fine
954 1793 1112 1856 quibus
1132 1808 1221 1837 non
1241 1791 1469 1847 debemus,
1488 1805 1619 1852 quae-

328 1867 429 1912 dam
451 1867 628 1914 tertium
648 1903 659 1922 ,
691 1868 778 1913 sine
811 1866 1202 1930 quibusnolumus.
1225 1863 1366 1909 Prima
1387 1862 1514 1908 huius
1533 1877 1617 1906 no-

329 1950 399 1986 tae
420 1940 519 1986 sunt
534 1975 547 1994 ‚
575 1941 769 1987 hostium
797 1940 995 1986 manibus
1015 1938 1148 2001 eripi,
1168 1948 1210 1984 et
1229 1935 1484 2000 tyrannicae
1504 1934 1618 1993 irae,

328 2029 371 2060 et
397 2014 740 2077 proscriptioni,
774 2026 816 2060 et
844 2013 936 2058 aliis
960 2011 1184 2073 periculis,
1217 2026 1324 2072 quae
1350 2008 1466 2055 varia
1483 2021 1525 2054 et
1546 2009 1616 2054 in·-

328 2099 443 2134 certa
481 2087 722 2133 humanam
763 2086 902 2132 vitam
940 2085 1152 2131 obsident.
1188 2082 1417 2145 Quidquid
1451 2082 1614 2127 horum

327 2159 677 2217 discusserimus,
708 2177 800 2224 quo
821 2160 957 2205 maius
976 2176 1023 2204 ac
1041 2159 1272 2204 terribilius
1290 2157 1393 2213 erit,
1419 2156 1504 2202 boc
1524 2172 1615 2201 ma-

325 2230 467 2279 iorem
490 2233 699 2279 inibimus
729 2233 924 2296 gratiam.
942 2231 1064 2277 Subit
1081 2231 1196 2277 enim
1219 2229 1430 2293 cogitatio
1445 2265 1458 2286 ‚
1477 2244 1615 2291 quan-

326 2303 379 2349 tis
402 2304 478 2349 sint
502 2304 673 2350 liberati
696 2304 843 2348 malis:
863 2316 903 2349 et
927 2302 1194 2349 lenocinium
1212 2301 1273 2348 est
1294 2301 1514 2356 muneris,
1533 2317 1613 2345 an-

326 2377 535 2422 tecedens
577 2388 731 2422 metus.
765 2378 859 2422 Nec
897 2390 1038 2421 tamen
1078 2374 1179 2420 ideo
1212 2374 1419 2420 debemus
1452 2371 1613 2418 tardius

326 2463 591 2511 quemquam
621 2448 817 2505 servare,
847 2465 974 2511 quam
995 2446 1246 2510 possumus-2
1275 2458 1323 2492 ut
1341 2442 1505 2491 muneri
1526 2458 1611 2488 no-

323 2518 415 2568 stro
436 2521 568 2568 timor
587 2521 790 2586 imponat
809 2521 996 2586 pondus.
1018 2520 1225 2568 Proxima
1240 2518 1296 2566 ab
1313 2518 1377 2566 his
1394 2516 1513 2573 sunt,
1525 2515 1614 2565 fine
