1742 2967
377 205 464 265 176
629 203 677 250 L.
724 202 1021 251 ΑΝΝΑΕΙ
1065 204 1422 258 SENECAE

366 309 673 373 patrocinium.
702 313 940 375 Nunquam
967 314 1083 360 enim
1110 315 1254 363 voluit
1276 329 1422 381 gratus
1448 314 1549 376 effe,
1569 317 1644 384 qui

364 383 629 432 beneficium
661 400 749 432 tam
781 385 910 450 longe
942 388 1161 449 proiecit,
1196 402 1243 436 ut
1275 402 1398 437 extra
1429 392 1644 455 conspec-

364 468 458 504 tum
479 458 600 504 suum
620 470 817 521 poneret.
836 460 1227 518 Quemadmodum
1246 477 1357 525 quae
1377 464 1421 509 in
1435 464 1511 510 usu
1524 465 1641 521 sunt,

364 543 411 578 et
430 546 606 577 manum
635 531 833 594 quotidie
857 533 1108 595 tafiiumque
1141 532 1363 596 patiuntur
1379 571 1392 593 ,
1419 553 1645 600 nunquam

362 606 608 668 periculum
630 604 729 652 fitus
757 605 915 652 adeunt
936 622 947 652 ε
968 606 1037 652 illa
1062 622 1171 668 quae
1197 603 1252 653 ad
1280 607 1437 663 oculos
1461 625 1551 655 non
1572 626 1648 657 re·

362 692 604 735 vocantur,
632 677 704 725 sed
730 690 849 725 extra
873 676 1254 725 conversationem
1269 713 1283 736 ,
1306 691 1354 725 ut
1378 679 1646 744 supervacua

362 753 613 811 iacuerunt,
639 752 789 799 sordes
816 751 904 815 ipsa
932 753 1147 816 colligunt
1174 752 1412 802 vetustate:
1433 754 1490 801 ita
1520 755 1647 819 quid-

362 826 470 888 quid
493 824 700 889 frequens
719 824 934 888 cogitatio
960 838 1130 872 exercet
1155 842 1204 873 ac
1227 840 1418 874 renovat
1433 863 1447 886 ‚
1473 844 1646 875 memo-

361 899 452 946 riae
474 916 698 963 nunquam
723 899 1002 957 subducitur,
1029 914 1139 964 quae
1165 899 1268 946 nihil
1292 901 1462 964 perdit,
1492 901 1569 948 nisi
1592 902 1648 949 ad

362 973 488 1036 quod
507 988 600 1019 non
619 970 744 1034 saepe
763 972 964 1035 respexit.

427 1049 499 1093 111.
517 1048 692 1093 Praeter
710 1046 825 1093 hanc
853 1046 1021 1093 causam
1037 1081 1050 1103 ,
1069 1045 1175 1093 aliae
1189 1062 1371 1110 quoque
1389 1047 1506 1106 sunt,
1533 1064 1646 1112 quae
1716 1046 1719 1051 ’

363 1120 495 1168 nobis
527 1119 684 1166 merita
717 1135 1037 1182 nonnunquam
1069 1118 1260 1166 maxima
1299 1120 1460 1168 velant.
1502 1121 1646 1168 Prima

363 1190 567 1236 omnium
588 1207 638 1237 ac
656 1191 873 1253 potiffima
886 1227 898 1248 ‚
916 1191 1037 1254 quod
1061 1190 1190 1237 novis
1209 1189 1378 1253 semper
1398 1191 1649 1255 cupiditati-

361 1263 445 1310 bus
463 1264 690 1327 occupafi,
710 1280 802 1310 non
819 1264 923 1328 quid
942 1265 1199 1318 habeamus,
1216 1264 1287 1310 sed
1307 1264 1413 1326 quid
1431 1278 1645 1328 petamuS‚

362 1336 620 1400 inspicimus
641 1354 652 1383 :
672 1354 763 1384 non
785 1338 830 1384 in
849 1338 894 1384 id
917 1339 1039 1402 quod
1059 1337 1119 1384 est
1133 1373 1146 1395 ‚
1169 1337 1242 1384 sed
1261 1339 1384 1400 quod
1401 1339 1648 1401 appetitur,

361 1409 533 1457 intenti.
568 1411 800 1475 Quidquid
830 1411 945 1457 enim
968 1411 1092 1458 domi
1115 1411 1202 1468 est,
1230 1411 1318 1457 vile
1340 1410 1412 1458 est.
1442 1413 1648 1474 Sequitur

362 1495 532 1541 autem,
543 1496 592 1530 ut
605 1485 678 1530 ubi
690 1485 814 1548 quod
827 1483 1044 1547 acceperis
1054 1519 1069 1541 ,
1081 1484 1178 1530 leve
1192 1499 1417 1530 novorum
1434 1484 1647 1546 cupiditas

360 1556 493 1614 fecit,
522 1558 676 1604 auftor
696 1574 875 1622 quoque
893 1574 1048 1604 eorum
1070 1573 1160 1602 nori
1179 1556 1229 1602 fit
1257 1555 1300 1602 in
1321 1556 1478 1619 pretio.
1507 1559 1645 1602 Ama-

360 1629 513 1677 vimus
540 1631 729 1694 aliquem
761 1647 805 1680 et
831 1631 1095 1693 suspeximus
1112 1666 1124 1688 ‚
1150 1643 1193 1677 et
1224 1627 1453 1676 fundatum
1484 1631 1537 1676 ab
1567 1629 1647 1677 illo

362 1702 520 1750 statum
542 1704 737 1751 nostrum
758 1704 935 1768 profeffi
961 1703 1127 1761 sumus,
1160 1703 1373 1767 quamdiu
1397 1703 1524 1749 nobis
1553 1701 1644 1765 pla·

361 1778 520 1826 cebant
550 1794 600 1824 ea
633 1794 744 1841 quae
773 1776 997 1825 consecuti
1030 1776 1175 1823 sumus
1202 1793 1213 1822 t
1251 1776 1409 1822 deinde
1439 1775 1644 1837 irrumpit

362 1849 557 1897 animum
588 1850 772 1896 aliorum
793 1849 1024 1896 admiratio
1039 1884 1052 1907 ,
1078 1864 1121 1896 et
1146 1848 1200 1894 ad
1227 1864 1276 1894 ea
1299 1847 1487 1910 impetus
1510 1848 1647 1893 faetus

363 1922 443 1975 est,
463 1924 524 1969 uti
544 1923 800 1970 mortalibus
822 1939 919 1969 mos
938 1922 1014 1976 est,
1035 1939 1090 1968 ex
1108 1921 1273 1984 magnis
1287 1921 1451 1966 maiora
1472 1920 1647 1982 cupien-

362 1996 410 2042 di
430 2014 442 2042 ε
462 1997 662 2058 protinus
685 1996 874 2050 excidit,
899 1996 1119 2058 quidquid
1146 2006 1244 2040 ante
1268 1993 1385 2055 apud
1406 2009 1487 2039 nos
1513 1993 1648 2038 bene·

364 2068 516 2116 ficium
548 2069 806 2117 vocabatur.
839 2071 935 2116 Nec
954 2086 1003 2115 ea
1035 2069 1280 2122 intuemur,
1310 2083 1420 2130 quae
1441 2082 1525 2112 nos
1554 2065 1648 2111 aliis

364 2142 651 2204 praeposuere
666 2179 679 2198 ‚
696 2143 768 2189 sed
788 2160 836 2189 ea
861 2142 948 2191 soia
968 2161 1078 2206 quae
1098 2143 1274 2190 fortuna
1295 2141 1643 2205 praecedentium

367 2216 569 2263 ostentat.
593 2218 698 2262 Non
717 2215 858 2279 potest
874 2229 1017 2263 autem
1037 2216 1270 2280 quisquam
1289 2229 1331 2262 et
1351 2215 1552 2261 invidere
1565 2246 1579 2267 ‚
1599 2225 1645 2259 et

367 2290 523 2351 gratias
543 2305 670 2352 agere
690 2306 702 2334 ε
724 2287 826 2351 quia
846 2288 1060 2345 invidere,
1083 2288 1305 2352 querentis
1322 2300 1364 2333 et
1383 2286 1537 2333 moesti
1556 2285 1646 2340 est;

368 2364 521 2425 gratias
541 2380 684 2426 agere,
703 2363 942 2424 gaudentis„
962 2363 1158 2418 Deinde,
1178 2363 1278 2424 quia
1301 2378 1432 2407 nemo
1452 2360 1646 2407 nostrum

370 2435 524 2489 novit,
555 2435 631 2481 nisi
660 2436 705 2481 id
734 2450 934 2498 tempu&
971 2435 1092 2499 quod
1130 2452 1231 2481 cum
1263 2435 1454 2480 maxime
1485 2434 1647 2478 transit.

370 2508 424 2552 ad
463 2509 691 2571 praeterita
725 2525 811 2555 rari
843 2507 1038 2556 animum
1072 2519 1340 2572 retorquent.
1383 2506 1455 2554 Sic
1489 2504 1565 2564 fit,
1599 2517 1645 2553 ut
