1742 2967
273 163 363 225 ,ψ
498 160 1320 210 L.ANNAEISENECAE

268 270 460 316 ᾗξὶιιῑυε
486 269 569 325 est,
591 270 754 316 etiamfi
773 287 863 316 uno
890 269 1009 316 fasto
1028 266 1327 333 praeelusurus
1352 269 1413 317 est
1436 280 1544 318 nauss

267 343 401 407 fragis
427 343 583 388 litora?
613 345 717 388 Non
746 343 806 390 est
833 344 1017 399 levitas,
1042 360 1064 388 a
1090 344 1272 407 cognito
1291 357 1335 390 et
1366 345 1546 390 damna-

265 429 315 461 to
334 431 484 461 errore
506 414 755 470 discedere3
782 426 825 461 et
844 415 1031 478 ingenue
1051 415 1274 462 fatendum
1295 415 1356 461 est
1375 432 1385 461 :
1414 416 1546 462 Aliud

266 489 419 552 putavi
442 505 452 534 :
475 488 681 549 deceptus
707 489 814 534 sum.
841 489 960 534 Haec
982 505 1094 534 vero
1112 488 1322 551 superbae
1345 487 1545 535 stultitiae

267 561 583 624 perseverantia
613 559 674 605 est
705 578 714 606 :
749 560 889 620 Quod
930 561 1057 606 semel
1088 561 1209 616 dixi,
1245 560 1545 623 qualecunque

266 633 352 690 est,
377 631 512 677 fixum
535 644 762 696 ratumque
790 633 853 678 fir.
882 634 987 678 Non
1013 632 1073 678 est
1093 648 1239 696 turpe,
1257 650 1357 680 cum
1385 649 1431 678 re
1451 649 1546 678 mu-

267 719 358 753 tare
385 704 626 751 confilium.
667 709 782 768 Age,
809 706 836 751 fi
863 706 1088 768 Philippus
1111 705 1394 768 poffefforem
1419 705 1546 750 illum

266 793 423 824 eorum
452 778 635 823 litorum
662 778 926 840 reliquisset,
951 793 1060 840 quae
1090 777 1317 840 naufragio
1347 793 1545 840 ceperat,

267 868 416 898 nonne
446 853 652 898 omnibus
685 851 848 897 miseris
877 868 988 913 aqua
1022 864 1065 898 et
1094 851 1184 912 igni
1221 850 1544 898 interdixerat?

267 926 419 973 Potius
448 925 538 981 est,
572 924 739 985 inquit,
768 924 880 970 intra
906 923 1013 970 fines
1043 926 1164 987 regni
1191 923 1307 982 mei,
1334 935 1374 969 te
1403 924 1547 971 literas

266 997 364 1045 istas
397 996 535 1044 oculis
565 996 855 1042 inscribendas
875 1031 888 1053 ‚
922 997 1140 1043 duriffima
1174 996 1320 1042 fronte
1351 997 1546 1042 circum-

263 1074 391 1120 ferre.
434 1071 612 1118 ostende
640 1087 769 1133 quam
805 1069 920 1117 sacra
947 1086 1013 1116 res
1042 1071 1092 1116 fit
1123 1069 1265 1115 mensa
1301 1068 1548 1130 hospitalis:

264 1145 426 1208 praebe
451 1144 495 1191 in
524 1142 634 1189 facie
664 1157 737 1188 tua
769 1142 1002 1205 legendum
1030 1142 1141 1188 istud
1169 1142 1391 1187 decretum
1409 1176 1422 1197 ‚
1450 1156 1544 1204 quo

264 1229 467 1273 cavetur,
497 1233 552 1262 ne
584 1213 769 1260 miseros
799 1216 915 1261 ῐεᾶο
944 1215 1095 1280 iuvare
1128 1213 1308 1281 cephale
1338 1213 1402 1260 fir.
1444 1216 1546 1259 Ma-

267 1293 333 1355 gis
360 1290 435 1337 ista
459 1287 714 1336 constitutio
741 1288 797 1334 fic
823 1288 903 1334 erit
925 1300 1039 1344 rata,
1066 1283 1197 1351 quarn
1219 1284 1249 1330 fi
1273 1285 1387 1331 illam
1412 1285 1457 1332 in
1476 1301 1547 1334 aes

266 1361 524 1411 incidissem.
1011 1366 1020 1373 “
1111 1375 1114 1379 ’

331 1434 558 1482 XXXlX.
586 1434 736 1492 Quare
765 1445 871 1492 ergo
886 1464 899 1486 ‚
918 1426 1058 1491 inquit
1080 1463 1092 1485 ,
1112 1430 1235 1475 Zeno
1257 1426 1422 1487 vester,
1443 1445 1547 1476 cum

266 1511 530 1574 quingentos
556 1508 760 1554 denarios
791 1517 968 1551 mutuos
995 1503 1167 1549 cuidam
1197 1504 1481 1567 promisisset,
1504 1515 1548 1551 et

266 1584 388 1630 illum
418 1594 571 1644 parum
604 1579 814 1626 idoneum
851 1575 1161 1637 comperiffet,
1187 1577 1337 1624 amicis
1367 1578 1547 1623 suaden-

266 1654 382 1700 tibus
404 1669 459 1697 ne
486 1651 631 1707 daret,
653 1648 947 1712 perseveravit
975 1649 1151 1694 credere
1166 1684 1179 1706 ‚
1203 1647 1302 1710 qnia
1333 1648 1546 1710 promise-

268 1725 366 1772 rat?
399 1724 590 1770 Primum
620 1723 701 1768 alia
729 1721 928 1768 conditio
949 1721 1009 1768 est
1030 1722 1072 1766 in
1092 1721 1287 1779 credito,
1314 1721 1391 1766 alia
1410 1721 1454 1767 in
1473 1722 1548 1768 be·

271 1796 450 1847 neficjo.
487 1794 698 1843 Pecuniae
722 1794 850 1840 etiam
881 1794 990 1839 male
1028 1794 1243 1849 creditae,
1274 1794 1442 1840 exaffio
1473 1793 1547 1838 est.

268 1870 484 1932 appellare
507 1868 751 1915 debitorem
768 1867 829 1912 2ad
853 1867 968 1913 diem
993 1868 1191 1928 possum:
1219 1878 1262 1912 et
1289 1867 1318 1911 fi
1339 1867 1441 1913 foro
1459 1867 1546 1914 ces-

269 1946 392 2000 serit,
420 1943 670 2004 portionem
692 1940 858 1986 feram:
883 1940 1145 1987 beneficium
1174 1953 1216 1986 et
1240 1953 1380 1987 totum
1412 1940 1545 2003 perit,

268 2031 313 2065 et
340 2017 492 2063 statim.
518 2017 740 2061 Praeterea
767 2015 854 2060 hoc
880 2014 979 2059 mali
999 2012 1083 2058 viri
1112 2009 1199 2069 est,
1220 2012 1324 2060 illud
1345 2015 1443 2060 mali
1467 2030 1544 2075 pa·-

268 2090 346 2138 tris
365 2088 565 2135 familiae,
587 2086 764 2133 Deinde
783 2101 836 2132 ne
859 2087 982 2131 Zeno
999 2085 1176 2147 quidem
1191 2122 1204 2143 ,
1229 2085 1258 2132 fi
1283 2087 1423 2133 maior
1441 2086 1545 2133 fuis-

269 2162 332 2206 set
360 2160 554 2215 summa,
583 2158 760 2204 credere
791 2155 1110 2219 perseverasset.
1137 2157 1380 2221 Quingenti
1416 2158 1545 2204 dena-

270 2233 326 2279 rii
351 2233 458 2278 sunt.
488 2231 593 2277 Illud
616 2231 739 2293 quod
762 2229 848 2277 dici
877 2228 1006 2284 solet,
1030 2229 1075 2274 in
1104 2230 1266 2276 morbo
1285 2230 1509 2277 consumat
1530 2245 1542 2275 t

270 2306 353 2352 fuit
379 2306 512 2360 tanti,
537 2321 628 2350 non
655 2319 866 2349 revocare
897 2300 1149 2364 promissum
1172 2301 1309 2349 suum.
1344 2302 1415 2347 Ad
1439 2317 1542 2348 coe·

270 2396 370 2426 nam
396 2380 498 2442 quia
521 2376 722 2441 promisi,
743 2377 848 2433 ibe,
868 2374 1028 2422 etiamsi
1045 2375 1179 2438 frig-us
1198 2375 1278 2422 erit
1301 2391 1311 2421 ε
1333 2391 1422 2420 non
1445 2374 1543 2437 qui-

272 2454 394 2512 dem,
414 2453 445 2498 si
462 2454 584 2502 nives
607 2451 775 2500 cadent.
791 2451 973 2514 Surgam
990 2448 1045 2496 ad
1061 2448 1294 2512 sponsalia,
1318 2448 1418 2511 quia
1438 2463 1543 2509 pro-2
1592 2441 1598 2448 ’

1732 1077 1737 1108 ¹V

1726 1116 1738 1161 g

1719 1169 1738 1205 ’,ἐς
