1742 2967
518 190 623 239 DE
677 189 877 236 VITA
925 188 1204 235 ΒΕΑΤΑ.
1409 201 1490 235 101

213 301 275 350 ria
302 298 479 364 sapienti
501 298 607 347 viro
628 297 708 355 fit,
726 296 921 344 animum
947 295 1190 359 explicandi
1212 293 1331 341 suum
1360 294 1405 340 in
1427 296 1496 341 di-

204 376 354 433 vitiis,
378 391 509 438 quam
528 374 573 420 in
591 376 867 435 paupertate?
905 387 1005 418 cum
1024 370 1071 416 in
1097 369 1177 415 hac
1203 385 1337 415 unum
1362 384 1499 430 genus

211 450 385 498 virtutis
409 449 459 496 fit
476 484 488 505 ‚
515 465 606 494 non
627 445 852 503 inclinari,
880 462 960 494 nec
981 443 1200 506 deprimi:
1230 441 1274 489 in
1299 441 1463 488 divitiis
1479 478 1494 501 ,

208 534 251 569 et
276 521 560 585 temperantia
580 556 592 577 ‚
612 532 654 566 et
673 519 925 575 liberalitas,
952 533 994 565 et
1012 516 1257 581 diligentia,
1279 528 1322 563 et
1342 515 1496 577 dispo-

209 592 337 648 strio,
370 603 412 638 et
448 590 807 654 magnificentia,
841 606 1048 651 campum
1082 589 1233 634 habeat
1263 599 1498 650 patentem.

208 665 315 710 Non
344 676 599 712 contemnet
632 662 675 708 se
704 662 898 724 sapiens,
933 660 1094 708 etiamsi
1126 658 1258 707 fuerit
1291 659 1500 706 minimae

208 734 393 782 staturae
412 754 422 782 :
445 736 531 782 effe
547 748 693 782 tamen
712 736 752 781 se
775 750 1009 797 procerum
1032 732 1164 780 volet.
1189 748 1232 779 et
1249 732 1370 779 exilis
1393 748 1497 779 cor-

208 824 319 871 pore
336 845 349 866 ,
374 827 424 856 ac
440 808 596 857 amisso
623 808 756 855 oculo
778 808 942 855 valebit
961 828 970 852 ε
990 807 1121 854 malet
1145 819 1290 853 tamen
1311 806 1388 852 sibi
1412 804 1497 852 effe

209 882 414 943 corporis
438 882 588 929 robur.
616 884 668 928 Et
693 882 797 928 haec
816 881 902 938 ita,
930 895 977 928 ut
995 880 1099 926 sciat
1127 879 1212 926 effe
1229 878 1347 924 aliud
1376 877 1421 923 in
1452 876 1495 923 se

207 953 440 1000 valentius.
474 955 632 1000 malam
656 951 954 1000 valetudinem
973 951 1200 1008 tolerabit,
1223 951 1387 997 bonam
1408 965 1493 1012 op-

208 1026 328 1073 tabit.
356 1028 586 1087 Quaedam
612 1026 757 1082 enim,
784 1024 947 1072 etiamst
977 1024 1022 1070 in
1042 1024 1256 1071 summam
1276 1022 1337 1069 rei
1358 1038 1496 1085 parva

209 1099 326 1154 sunt,
351 1117 397 1146 ut
414 1116 458 1147 et
474 1099 653 1146 subduci
671 1099 756 1145 sine
770 1098 893 1144 ruina
913 1097 1162 1160 principalis
1181 1096 1289 1143 boni
1309 1095 1497 1158 poffint‚

209 1172 421 1219 adiiciunt
440 1188 586 1219 tamen
601 1172 766 1234 aliquid
786 1171 839 1216 ad
861 1182 1116 1234 perpetuam
1134 1169 1338 1216 laetitiam
1352 1203 1365 1226 ,
1380 1179 1424 1214 et
1440 1184 1496 1215 ex

208 1245 369 1292 virtute
391 1245 649 1292 nascentem.
678 1244 749 1291 Sic
769 1243 889 1289 illum
910 1242 1104 1290 afficiunt
1133 1242 1331 1298 divitiae,
1350 1252 1393 1288 et
1416 1258 1494 1287 ex·

209 1317 395 1365 hil-arant
415 1355 429 1376 ,
452 1332 500 1365 ut
528 1320 806 1383 navigantem
834 1317 1045 1365 secundus
1073 1328 1115 1363 et
1141 1315 1285 1363 ferens
1310 1325 1495 1371 ventus,

208 1403 256 1438 ut
275 1391 365 1438 dies
393 1391 556 1450 bonus,
589 1404 633 1438 et
651 1393 696 1437 in
716 1393 872 1438 bruma
890 1408 940 1438 ac
971 1389 1136 1454 frigore
1157 1390 1328 1452 apricus
1357 1388 1496 1442 locus,

208 1464 323 1524 Quis
360 1481 499 1527 porro
544 1463 785 1527 sapientum
809 1500 823 1523 ‚
863 1463 1119 1510 nostrorum
1155 1462 1259 1508 dico
1282 1494 1296 1517 ‚
1336 1459 1495 1523 quibus

208 1529 344 1582 unum
371 1536 432 1583 est
456 1536 626 1583 bonum
654 1536 794 1584 virtus
811 1572 823 1594 ,
856 1550 984 1601 negat
1013 1536 1146 1583 etiam
1168 1535 1274 1581 haec
1291 1550 1402 1597 quae
1429 1533 1498 1580 in-

209 1607 451 1655 differentia
472 1626 687 1657 vocamus
706 1646 720 1666 ‚
747 1610 905 1656 habere
935 1609 981 1655 in
1012 1609 1053 1655 se
1083 1606 1249 1670 aliquid
1269 1605 1429 1670 pretii,
1453 1617 1497 1653 et

210 1680 292 1728 alia
320 1682 411 1728 aliis
441 1682 528 1728 effe
563 1682 773 1745 potiora?
810 1682 1086 1745 Quibusdam
1117 1697 1173 1728 ex
1202 1679 1267 1726 his
1293 1678 1496 1726 tribuitur

209 1755 374 1818 aliquid
408 1756 618 1815 honoris,
648 1756 912 1819 quibusdam
934 1754 1134 1800 multum.
1168 1754 1237 1800 Ne
1267 1769 1386 1801 erres
1415 1753 1498 1798 ita-

208 1846 318 1893 que,
352 1830 465 1876 inter
486 1831 661 1893 potiora
682 1830 859 1878 divitiae
879 1829 986 1876 sunt.
1017 1829 1142 1888 Quid
1158 1844 1290 1891 ergo,
1321 1827 1496 1890 inquis,

210 1921 282 1951 me
307 1904 502 1962 derides,
531 1923 633 1952 cum
660 1907 850 1952 eundem
877 1905 996 1969 apud
1027 1917 1069 1950 te
1098 1904 1249 1951 Iocum
1279 1903 1498 1959 habeant,

211 1994 345 2040 quem
373 1978 490 2040 apud
516 1983 616 2024 me?
648 1978 728 2025 Vis
748 1977 882 2037 scire,
915 1993 1047 2041 quam
1069 1992 1161 2022 non
1183 1976 1369 2022 habeant
1388 1991 1498 2022 eun·

141 2075 144 2077 ·
212 2053 314 2098 dem
337 2053 525 2099 locum?
555 2052 663 2099 mihi
686 2052 870 2100 divitiae
888 2053 917 2099 fi
943 2050 1191 2099 effluxerint
1206 2086 1218 2103 ,
1246 2049 1355 2096 nihil
1379 2048 1499 2096 aufe·

211 2136 336 2179 rent,
367 2122 445 2169 nist
475 2123 744 2186 semetipsas:
776 2135 823 2170 tu
852 2121 1068 2186 stupebis,
1096 2134 1139 2169 et
1175 2120 1392 2169 videberis
1418 2119 1498 2167 tibi

211 2195 301 2242 fine
325 2207 369 2241 te
387 2196 559 2244 reliklus
575 2233 588 2254 ‚
609 2197 640 2243 fi
660 2197 757 2244 illae
775 2212 800 2242 a
817 2207 860 2242 te
879 2194 1140 2243 recesserint.
1162 2195 1276 2257 apud
1294 2210 1364 2241 me
1385 2192 1499 2241 divi-

210 2268 295 2315 tiae
322 2268 510 2332 aliquem
539 2270 688 2316 locum
714 2269 874 2316 habent
899 2286 910 2314 ε
939 2269 1055 2331 apud
1077 2281 1149 2326 te,
1183 2268 1415 2314 summum.
1443 2266 1500 2314 ad

210 2342 484 2406 postremum
498 2380 512 2399 ,
539 2343 720 2390 divitiae
740 2359 860 2390 meae
883 2342 979 2389 sunt
997 2361 1008 2389 :
1026 2355 1076 2388 tu
1093 2341 1344 2388 divitiarum
1361 2357 1420 2389 es.

278 2416 444 2464 XXIII.
477 2416 640 2463 Define
666 2432 774 2479 ergo
812 2415 1084 2479 philosophis
1107 2415 1296 2479 pecunia
1320 2413 1503 2462 interdi-

212 2505 326 2539 cere.
367 2506 502 2539 nemo
522 2489 777 2555 sapientiam
801 2500 1059 2554 paupertate
1086 2488 1326 2601 dangnavit.
1357 2488 1503 2537 Habe·-

1231 2570 1253 2616 3
