1742 2967
238 159 326 219 278
476 158 524 204 L.
580 157 882 204 ANNAEI
923 157 1286 226 SENECAE.

295 263 400 311 Vlll.
431 263 693 312 Beneficium
722 263 873 327 aliquis
895 263 1089 312 nesciens
1119 265 1300 328 accipit,
1346 282 1478 314 nemo
1496 283 1520 314 a

235 336 463 385 nesciente.
510 337 762 397 Quomodo
798 337 959 384 multos
1000 337 1183 384 fortuita
1220 340 1398 395 sanant,
1435 357 1518 386 nec

235 407 337 455 ideo
354 409 545 457 remedia
566 408 679 467 sunt,
698 422 740 455 et
760 408 805 455 in
825 409 989 456 flumen
1011 410 1139 457 alicui
1161 411 1367 458 cecidiffe
1386 411 1523 476 frigo-

235 498 283 529 re
315 498 505 545 magno,
536 482 660 529 causa
687 481 875 529 sanitatis
899 481 984 529 fuit
1014 501 1024 529 :
1055 485 1290 546 quomodo
1319 502 1522 549 quorun-

236 556 334 603 dam
356 554 536 619 flagellis
561 569 769 619 quartana
788 555 969 602 discussa
996 555 1080 613 est,
1105 569 1146 603 et
1163 570 1302 605 metus
1332 559 1525 622 repenti-

238 647 318 677 nus
337 631 532 677 animum
553 630 598 676 in
615 629 740 676 aliam
759 646 908 677 curam
933 632 1179 677 avertendo
1203 632 1414 696 suspefi’tas
1439 633 1526 678 ho—

238 723 304 752 ras
328 704 481 752 fefellit
507 722 516 751 :
537 721 618 751 nec
649 704 751 750 ideo
775 703 1015 767 quidquam
1049 706 1207 751 horum
1230 739 1244 762 ‚
1277 707 1450 755 etiamst
1463 706 1528 753 sa-

237 778 314 825 luti
349 777 432 824 fuit
452 811 465 833 ‚
493 768 674 825 salutare
711 775 771 823 est
803 793 814 822 :
844 775 902 823 fic
936 776 1115 839 quidam
1155 779 1283 825 nobis
1311 779 1527 841 prosunt,

241 851 345 898 dum
376 852 556 905 nolunt,
591 850 733 897 immo
768 849 872 912 quia
902 850 1092 906 nolunt;
1124 868 1216 898 non
1248 868 1394 899 tamen
1424 853 1530 900 ideo

244 925 327 973 illis
353 925 614 973 beneficium
653 925 890 976 debemus,
920 924 1044 987 quod
1072 924 1317 987 perniciosa
1352 925 1528 972 illorum
1600 935 1606 940 ’

243 996 420 1044 confilia
447 997 625 1044 fortuna
655 995 835 1042 deflexit
858 996 904 1041 in
931 996 1101 1044 melius.
1129 1002 1198 1044 An
1229 997 1441 1044 existimas
1459 1014 1530 1044 me

241 1070 402 1116 debere
421 1070 460 1116 ei
482 1069 720 1132 quidquam
736 1104 751 1126 ,
778 1068 898 1115 cuius
932 1086 1109 1127 manus,
1130 1087 1231 1117 cum
1252 1087 1322 1116 me
1341 1082 1533 1133 peteret,

242 1144 446 1205 percuffit
474 1142 643 1189 hostem
673 1159 818 1188 meum
831 1178 845 1200 ‚
864 1141 939 1204 qui
963 1143 1176 1191 nocuisset
1194 1180 1207 1203 ‚
1227 1144 1304 1190 nifi
1324 1142 1531 1190 erraffet?

243 1217 378 1277 Saepe
396 1214 530 1262 hostis
556 1215 661 1261 dum
680 1228 828 1277 aperte
849 1214 1036 1277 peierat,
1057 1215 1188 1261 etiam
1215 1215 1333 1262 veris
1359 1214 1534 1261 testibus

245 1288 479 1352 abrogavit
492 1286 636 1333 fidem
650 1320 663 1343 ,
684 1302 728 1334 et
749 1304 872 1333 reum
893 1286 1015 1332 velut
1040 1285 1230 1333 fafitione
1247 1287 1532 1345 circumven-

244 1371 339 1406 tum
371 1358 657 1405 miserabilem
688 1357 890 1405 reddidit.
922 1358 1155 1417 Quosdam
1187 1358 1276 1421 ipsa
1299 1375 1410 1421 quae
1429 1374 1533 1419 pre-

245 1430 391 1480 mebat
408 1467 422 1489 ,
448 1431 645 1493 potentia
668 1431 829 1493 eripuit
848 1448 859 1476 ;
883 1446 926 1476 et
946 1430 1112 1477 iudices
1130 1447 1263 1493 quem
1286 1430 1535 1476 damnaturi

247 1517 371 1553 erant
404 1505 527 1551 causa
544 1536 559 1560 ‚
587 1503 793 1550 damnare
817 1503 951 1566 gratia
979 1502 1224 1550 noluerunt.
1251 1503 1358 1550 Non
1390 1513 1536 1548 tamen

245 1577 291 1623 hi
330 1594 410 1625 reo
440 1575 703 1629 beneficium
743 1577 955 1623 dederunt
973 1610 986 1633 ,
1016 1576 1218 1640 quamvis
1255 1574 1533 1638 profuerint:

247 1650 352 1713 quia
386 1649 519 1698 telum
553 1665 646 1712 quo
676 1647 850 1695 missum
884 1648 966 1706 fit,
1006 1665 1097 1694 non
1126 1665 1217 1711 quo
1251 1647 1536 1710 pervenerit,

248 1723 503 1786 quaeritur,
536 1733 580 1768 et
616 1719 883 1768 beneficium
918 1721 972 1766 ab
1009 1719 1164 1766 iniuria
1193 1718 1415 1783 distinguit
1443 1734 1537 1764 non

249 1810 459 1853 eventus,
493 1795 563 1841 sed
592 1795 775 1841 animus.
818 1793 1100 1840 Adversarius
1134 1809 1254 1839 meus
1288 1793 1391 1838 dum
1423 1807 1534 1838 con-

251 1869 378 1915 traria
396 1869 501 1915 dicit
520 1904 533 1927 ,
553 1880 595 1916 et
612 1870 805 1915 iudicem
824 1867 1022 1930 superbia
1042 1866 1251 1922 offendit,
1278 1881 1321 1914 et
1338 1866 1383 1912 in
1398 1872 1536 1911 unum

251 1941 400 1987 testem
438 1956 600 1987 temere
633 1941 840 1995 dimittit,
877 1940 1043 1987 causam
1071 1956 1215 1987 meam
1247 1938 1396 1986 erexit.
1430 1938 1538 1984 Non

253 2030 419 2079 quaero
440 2030 493 2059 an
514 2031 600 2076 pro
622 2031 692 2060 me
711 2013 923 2061 erraverit
942 2047 956 2069 ,
989 2011 1090 2076 quia
1109 2025 1264 2060 contra
1282 2029 1353 2060 me
1377 2011 1538 2060 voluit.

318 2088 400 2135 IX.
427 2088 599 2149 Nempe
625 2099 672 2132 ut
695 2098 840 2149 gratus
869 2085 944 2132 fim
962 2121 977 2143 ‚
1010 2087 1126 2133 velle
1153 2086 1298 2133 debeo
1322 2085 1439 2132 idem
1470 2084 1539 2131 fa-

254 2177 373 2218 cere,
388 2160 510 2223 quod
528 2159 613 2217 ille,
630 2176 677 2206 ut
691 2158 950 2207 beneficium
969 2161 1110 2217 daret,
1126 2160 1291 2207 debuit.
1310 2159 1539 2222 Numquid

257 2232 315 2278 est
344 2232 534 2295 iniquius
562 2231 767 2287 homine,
800 2233 875 2295 qui
901 2250 1004 2280 eum
1030 2233 1148 2291 odit,
1177 2249 1201 2279 a
1221 2250 1314 2297 quo
1344 2233 1391 2279 in
1416 2232 1542 2279 turba

255 2305 443 2352 calcatus
459 2341 471 2362 ,
493 2318 564 2352 aut
583 2305 798 2367 respersus
811 2341 824 2363 ,
844 2320 918 2351 aut
940 2322 1031 2368 quo
1050 2306 1207 2362 nollet,
1227 2304 1430 2368 impulsus
1448 2305 1539 2352 est?

259 2380 392 2443 Atqui
420 2381 524 2444 quid
553 2380 613 2426 est
643 2380 787 2437 aliud,
820 2383 941 2444 quod
971 2382 1091 2427 illum
1123 2381 1329 2444 querelae
1350 2380 1540 2436 eximat,

260 2469 361 2500 cum
391 2454 436 2499 in
471 2471 514 2501 re
550 2453 599 2501 fit
625 2454 780 2501 iniuria
802 2486 816 2509 ‚
844 2471 974 2518 quam
1008 2453 1184 2502 nescisse
1215 2454 1319 2518 quid
1348 2452 1542 2502 faceret?
