1742 2967
287 216 343 247 22
507 182 909 246 L'ANNAEr
960 199 1330 246 SENECAE

282 305 489 369 Princeps
520 306 599 353 suo
625 304 844 353 beneficio
872 317 1019 364 tutus,
1049 305 1156 352 nihil
1185 306 1404 370 praesidiis
1429 320 1560 373 eget:

279 395 395 425 arma
417 379 663 426 ornamenti
684 377 806 426 causa
826 378 967 426 habet.

343 453 469 498 XlV.
500 451 636 511 Quod
657 467 764 514 ergo
789 449 988 497 officium
1014 449 1105 497 eius
1126 449 1216 499 est?
1249 453 1390 512 Quod
1414 453 1561 501 bono-

282 541 380 571 rum
410 538 637 586 parentum
656 559 668 579 ‚
693 523 769 586 qui
796 523 1032 586 obiurgare
1061 524 1222 571 liberos
1244 543 1561 589 nonnunquam

282 594 465 653 blande,
501 611 818 657 nonnunquam
859 595 1087 643 minaciter
1123 595 1290 655 solent,
1324 599 1563 661 aliquando

278 668 519 714 admonere
545 666 672 713 etiam
704 667 976 714 verberibus.
1009 669 1240 731 Numquid
1266 669 1419 732 aliquis
1440 671 1563 718 sanus

278 740 414 788 filium
443 758 465 786 a
506 739 647 803 prima
685 738 850 786 offensa
886 741 1155 789 exheredat?
1189 741 1266 788 nist
1301 760 1484 806 magnae
1519 755 1563 790 et

280 815 439 862 multae
471 811 651 860 iniuriae
697 811 948 876 patientiam
992 813 1230 873 evicerint,
1270 814 1345 862 nifi
1373 816 1467 879 plus
1500 815 1562 863 est

280 888 404 950 quod
436 886 561 933 timet
581 921 595 944 ,
628 902 759 948 quam
789 885 913 949 quod
947 887 1150 945 damnat,
1185 903 1276 934 non
1311 886 1480 935 accedit
1508 886 1562 934 ad

282 960 575 1007 decretorium
610 958 766 1005 stilum.
807 959 947 1006 Multa
972 973 1069 1006 ante
1102 971 1268 1019 tentat,
1294 960 1452 1024 quibus
1479 961 1564 1008 du·

281 1034 394 1088 biam
439 1034 632 1081 indolem
675 1046 717 1081 et
755 1033 907 1096 peiore
942 1034 1046 1080 loco
1082 1033 1168 1080 iam
1205 1034 1386 1096 positam
1428 1051 1565 1082 revo-

280 1119 348 1154 cet
368 1125 380 1153 :
403 1107 523 1153 fimul
544 1107 766 1169 deplorata
795 1107 881 1162 est,
903 1106 1051 1153 ultima
1074 1107 1309 1169 experitur.
1342 1108 1491 1154 Nemo
1509 1109 1565 1155 ad

279 1179 484 1242 supplicia
511 1180 720 1243 exigenda
750 1180 980 1242 pervenit,
1009 1178 1086 1226 nifi
1121 1178 1196 1242 qui
1227 1181 1419 1228 remedia
1448 1197 1561 1228 con·

279 1252 439 1298 sumsit.
470 1253 572 1298 Hoc
594 1251 715 1314 quod
732 1252 922 1313 parenti,
948 1253 1079 1299 etiam
1102 1252 1293 1315 Principi
1314 1252 1564 1301 faciendum

279 1323 342 1370 est
362 1340 522 1386 :quem
553 1323 866 1384 appellavimus
887 1325 1056 1372 Patrem
1088 1324 1275 1382 Patriae,
1297 1342 1389 1372 non
1413 1326 1563 1373 adula-

278 1397 401 1444 tione
423 1414 533 1443 vana
561 1395 747 1443 adduffi.
777 1398 934 1443 Cetera
960 1396 1075 1443 enim
1106 1398 1375 1461 cognomina
1402 1399 1566 1447 honori

280 1471 378 1516 data
413 1470 523 1515 sunt.
551 1471 737 1532 Magnos
757 1484 799 1516 et
833 1469 993 1516 Felices
1020 1483 1062 1516 et
1096 1469 1321 1533 Augustos
1347 1471 1566 1530 diximus,

279 1557 324 1591 et
347 1542 599 1589 ambitiosae
624 1540 834 1588 maiestati
856 1542 1069 1604 quidquid
1091 1544 1313 1605 potuimus
1335 1543 1566 1593 titulorum

280 1606 598 1677 congeffimus,
638 1614 721 1660 illis
758 1615 845 1661 hoc
876 1613 1115 1661 tribuentes
1141 1633 1152 1661 :
1185 1616 1354 1663 Patrem
1386 1618 1566 1680 quidem

280 1689 445 1752 patriae
474 1686 788 1747 appellavimus
808 1723 821 1742 ‚
849 1698 898 1733 ut
927 1687 1051 1734 sciret
1080 1688 1223 1734 datam
1259 1689 1335 1755 sibi
1373 1691 1566 1753 potesta-

284 1762 572 1825 tempatriam
598 1779 608 1807 ε
628 1778 739 1825 quae
761 1761 821 1808 est
842 1763 1191 1825 temperatissima
1207 1799 1220 1821 ,
1239 1763 1384 1812 liberis
1409 1766 1567 1813 consu-

285 1837 406 1893 lens,
438 1837 597 1898 suaque
626 1834 727 1897 post
757 1835 856 1882 illos
889 1853 1119 1899 reponens.
1153 1837 1301 1885 Tarde
1332 1838 1410 1885 fibi
1445 1853 1567 1903 pater

285 1908 481 1955 membra
507 1908 578 1954 sua
595 1908 815 1956 abscindat
838 1927 849 1956 :
878 1908 1007 1954 etiam
1031 1925 1129 1955 cum
1151 1908 1408 1968 absciderit,
1434 1928 1568 1974 repo-

284 1998 387 2028 nere
423 1981 566 2039 cupiat
599 1999 608 2026 :
640 1998 683 2027 et
718 1981 763 2027 in
801 1982 1101 2028 abscindendo
1128 1970 1306 2045 gemat,
1343 1985 1568 2032 cun-&atus

283 2054 467 2102 multum
497 2053 672 2113 diuque.
704 2056 850 2114 Prope
874 2056 988 2101 enim
1011 2055 1071 2102 est
1092 2068 1137 2100 ut
1159 2055 1344 2102 libenter
1373 2057 1567 2115 damnet,

285 2127 359 2189 qui
378 2127 466 2173 cito
490 2145 499 2172 :
530 2143 669 2187 prope
696 2117 744 2173 ut
763 2127 911 2189 inique
929 2128 1110 2190 puniat,
1142 2128 1217 2191 qui
1243 2128 1384 2176 nimis.
1405 2130 1567 2176 Erixo-

285 2217 384 2246 nem
404 2200 597 2254 equitem
618 2204 868 2247 Romanum
893 2201 1107 2247 memoria
1127 2201 1288 2256 nostra,
1305 2202 1406 2264 quia
1427 2201 1564 2248 filium

286 2274 409 2319 suum
448 2272 628 2335 flagellis
667 2274 914 2330 occiderat,
947 2274 1136 2336 populus
1166 2275 1211 2320 in
1243 2274 1346 2322 foro
1378 2274 1568 2338 graphiis

291 2347 505 2393 confodit.
544 2349 629 2393 Vix
652 2347 767 2394 illum
790 2348 967 2408 Augusti
987 2347 1180 2395 Caesaris
1206 2349 1437 2396 aufioritas
1455 2347 1569 2396 infe-

288 2418 360 2466 stis
383 2434 468 2464 vam
496 2435 663 2478 patrum
689 2439 819 2485 quam
842 2421 1036 2470 filiorum
1060 2422 1257 2469 manibus
1279 2422 1455 2486 eripuit.

355 2490 459 2538 XV.
475 2492 531 2540 T.
551 2493 728 2570 litium,
743 2492 970 2559 quifilium
986 2493 1306 2558 deprehensum
1319 2494 1364 2542 in
1384 2491 1570 2558 parrici2
