1742 2967
356 180 452 226 DE
500 181 919 228 BENEFICIIS
970 184 1094 230 LIB.
1139 186 1236 232 V11.
1337 200 1421 247 313

162 285 286 349 quod
309 286 526 349 quaeritur
551 287 846 351 cplligendum
868 287 954 347 est,
982 291 1213 352 quomodo
1242 290 1430 337 liberali-

162 360 260 407 tatis
285 360 458 406 materia
488 361 688 409 adversus
712 379 811 409 eum
847 362 1050 425 superfit,
1082 364 1201 410 cuius
1227 366 1429 412 universa

165 429 254 477 effe
272 431 575 480 conceffimus.
606 435 753 479 omnia
774 436 905 496 patris
927 437 1021 483 sunt
1040 472 1051 492 ‚
1079 455 1186 499 quae
1207 439 1251 483 in
1271 439 1431 484 libero-

166 520 262 549 rum
280 520 409 550 manu
429 505 523 551 sunt
544 525 555 552 ε
580 507 673 567 quis
693 522 836 554 tamen
855 509 1008 565 nescit,
1030 512 1193 556 donare
1214 512 1371 573 aliquid
1393 528 1434 559 et

169 575 304 622 filium
326 578 464 639 patri?
491 581 652 625 Omnia
677 582 857 626 deorum
880 583 973 629 sunt
993 601 1001 627 :
1023 598 1165 628 tamen
1186 598 1227 630 et
1249 585 1329 630 diis
1350 601 1434 646 po-

171 648 328 695 suimus
358 651 549 709 donum,
582 666 624 698 et
655 652 803 714 stipem
830 654 1021 701 iecimus.
1057 658 1159 700 Non
1192 656 1293 700 ideo
1313 655 1435 718 quod

170 722 314 768 habeo
330 755 343 777 ,
365 740 510 771 meum
529 742 618 772 non
637 725 695 770 est
708 762 720 781 ‚
740 726 906 772 situum
924 727 983 772 est
1002 745 1010 773 :
1033 727 1168 789 potest
1188 729 1303 774 enim
1323 728 1435 772 idem

170 795 253 841 effe
268 813 413 842 meum
427 810 470 843 er
491 812 628 846 ntum.
650 802 710 856 ls,
729 798 893 862 inquis,
918 801 1037 845 cuius
1058 800 1307 862 prostitutae
1323 800 1440 857 sunt,

171 869 272 915 leno
305 870 392 917 est:
426 873 573 918 omnia
603 887 742 919 antem
773 872 968 934 sapientis
999 873 1119 927 [ψη
1152 873 1262 917 inter
1292 874 1441 917 omnia

173 958 314 988 autem
335 959 378 989 et
410 945 658 1005 prostitutae
678 945 787 992 sunt.
816 961 923 1007 ergo
943 956 984 989 (tt
1006 945 1257 1006 prostitutae
1280 944 1442 1005 {apien-

171 1014 227 1060 tis
253 1014 364 1060 sunt.
385 1015 486 1062 leno
513 1030 655 1062 autem
681 1015 742 1061 est
757 1052 771 1072 ,
787 1015 907 1062 cuius
926 1015 1178 1077 prostitutae
1195 1015 1289 1060 sunt
1307 1033 1316 1058 z
1337 1030 1444 1075 crgo

174 1086 342 1151 sapiens
353 1088 413 1135 est
431 1090 546 1138 leno.
562 1091 630 1136 Sic
646 1091 766 1136 illum
786 1101 940 1136 vetant
956 1105 1111 1133 emere.
1131 1088 1278 1134 dicunt
1295 1090 1409 1134 enim
1432 1104 1443 1133 ε

176 1162 324 1207 Nemo
342 1178 433 1208 rem
460 1161 576 1208 suam
605 1162 710 1208 emit
732 1180 741 1207 :
766 1163 914 1207 omnia
932 1174 1075 1206 autem
1099 1161 1294 1223 sapientis
1320 1161 1415 1205 sunt
1435 1177 1446 1205 ε

173 1248 281 1294 ergo
297 1232 463 1295 sapiens
482 1233 586 1278 nihil
603 1232 722 1279 emit.
739 1234 806 1278 Sic
825 1245 969 1278 vetant
988 1244 1029 1277 et
1049 1244 1242 1276 mutuum
1263 1231 1445 1285 sumere,

175 1304 276 1366 quia
300 1320 433 1350 nemo
452 1304 620 1351 usuram
643 1320 726 1367 pro
748 1304 930 1366 pecunia
952 1303 1020 1348 sua
1046 1304 1216 1365 pendat.
1244 1305 1446 1348 Innume-

174 1375 325 1423 rabilia
345 1376 461 1434 funt,
483 1394 560 1439 per
580 1395 688 1441 quae
708 1377 965 1423 cavillantur
979 1412 991 1433 ,
1011 1393 1108 1423 cum
1131 1374 1445 1438 pulchersime,

174 1448 282 1512 quid
307 1467 329 1495 a
357 1450 483 1496 nobis
508 1450 700 1504 dicatur,
721 1450 969 1512 intelligant.

243 1523 298 1567 V.
328 1520 462 1577 Enim,
475 1520 533 1567 fic
562 1520 711 1567 omnia
740 1520 939 1582 sapientis
965 1519 1049 1565 effe
1068 1519 1190 1576 dico,
1222 1531 1268 1566 ut
1289 1517 1448 1562 nihilo·

178 1593 322 1640 minus
350 1593 576 1656 proprium
596 1594 779 1657 quisque
801 1593 845 1639 in
864 1593 989 1638 rebus
1006 1591 1087 1638 suis
1109 1592 1354 1638 dominium
1375 1592 1449 1637 ham

178 1666 278 1714 beat
305 1683 314 1713 :
341 1668 716 1730 quemadmodum
750 1666 826 1713 sub
856 1666 1029 1726 optimo
1062 1664 1340 1727 rege'omnia
1373 1680 1450 1709 rex

180 1740 369 1803 imperio
406 1742 590 1805 poffidet
605 1778 619 1798 ‚
656 1740 808 1803 singuli
848 1739 1067 1786 dominio.
1101 1739 1296 1799 Tempus
1335 1737 1452 1783 istius

181 1815 436 1878 probandae
453 1815 516 1860 rei
534 1814 692 1862 veniet.
720 1811 892 1858 interim
909 1811 993 1857 hoc
1014 1812 1116 1858 huic
1134 1812 1372 1874 quaestioni
1393 1813 1452 1857 sat

180 1887 267 1944 est,
298 1887 344 1933 id
375 1887 497 1950 quod
530 1886 652 1932 aliter
678 1885 906 1947 sapientis,
938 1883 1059 1929 aliter
1089 1901 1233 1930 meum
1266 1883 1352 1940 est,
1379 1901 1450 1930 me

181 1962 303 2026 poss'e
315 1962 480 2008 donare
497 1960 688 2023 sapienti,
701 1961 794 2006 Nec
813 1958 971 2004 mirum
987 1957 1061 2014 est,
1078 1958 1240 2020 aliquid
1259 1958 1312 2013 ei,
1330 1958 1451 2004 cuius

182 2034 244 2082 est
263 2047 436 2091 totum,
462 2033 584 2096 posse
614 2032 782 2079 donari.
809 2030 1016 2079 Conduxi
1047 2031 1230 2076 domum
1258 2047 1279 2075 a
1308 2048 1379 2076 te:
1408 2030 1452 2075 in
1520 2052 1523 2055 >

184 2109 265 2154 hac
294 2107 456 2170 aliquid
484 2118 605 2152 tuum
622 2141 633 2161 ,
664 2104 824 2167 aliquid
858 2121 1018 2149 meum.
1045 2120 1111 2150 res
1135 2113 1208 2149 ma
1234 2102 1291 2148 est
1317 2120 1327 2147 :
1357 2101 1453 2148 usus

184 2180 247 2227 rei
265 2194 384 2238 tuae,
412 2196 531 2226 meus
551 2179 622 2225 est.
646 2180 792 2240 Itaque
816 2194 893 2223 nec
913 2175 1073 2224 frufius
1101 2192 1271 2239 tanges,
1291 2177 1455 2220 colono

183 2266 262 2299 tuo
287 2253 573 2315 prohibente,
603 2251 802 2315 quamvis
831 2265 901 2297 tua
921 2250 964 2296 in
989 2249 1249 2312 posseflione
1276 2246 1454 2293 nascan-

184 2337 284 2375 tur:
315 2337 357 2370 et
385 2324 414 2370 fi
438 2341 610 2371 annona
632 2324 774 2370 carior
794 2323 922 2368 fuerit
937 2358 949 2378 ,
977 2336 1047 2368 aut
1070 2322 1224 2376 fames,

252 2401 345 2446 Ηειι
354 2402 509 2466 frustra
530 2418 726 2462 magnum
746 2400 1120 2459 alteriusspefflalris
1141 2415 1338 2441 acervum.

185 2473 232 2525 in
251 2487 332 2524 tuo
349 2485 495 2525 natum
511 2508 527 2531 ,
545 2473 590 2520 in
615 2487 694 2520 tuo
715 2473 926 2541 positum,
945 2472 990 2518 in
1009 2472 1165 2517 horrea
1184 2472 1343 2516 iturum
1371 2479 1457 2515 tua.
