1742 2967
377 144 479 230 ΒΕ
523 181 944 228 BENEFICHS
998 185 1130 229 ΜΒ.
1181 187 1253 232 ιν.
1367 201 1449 250 225

185 286 359 336 alterius
384 288 532 335 calore
563 287 728 334 alantur
761 280 977 351 corpora,
1010 305 1148 336 terrae
1175 290 1422 339 relaxentur
1442 325 1458 348 ‚

184 358 417 406 immodici
440 359 646 407 humores
665 361 1042 423 comprimantur,
1072 362 1282 425 alligantis
1312 366 1460 412 omnia

183 432 339 479 hiemis
358 431 525 479 tristitia
554 432 776 497 frangatur
804 451 815 479 τ
849 433 1022 481 alterius
1051 446 1204 497 tepore
1231 436 1393 484 efficaci
1417 449 1462 485 et

184 504 442 568 penetrabili
468 505 632 568 rigetur
654 506 873 552 maturitas
892 505 1100 570 frugum?
1131 507 1238 571 quin
1263 509 1318 555 ad
1334 510 1461 557 huius

184 579 361 626 cursum
380 577 620 625 fecunditas
639 578 827 624 humana
846 577 1140 640 respondeat?
1170 580 1277 643 quin
1299 582 1369 627 ille
1384 599 1461 628 an-

182 668 290 699 num
308 651 629 699 observabilem
648 651 799 698 fecerit
818 651 1084 699 circuma&u
1098 651 1199 709 su0;
1216 654 1319 701 haec
1340 671 1461 702 men·

181 724 272 772 sem
286 758 300 781 ‚
317 723 561 771 minoribus
579 723 620 770 se
631 723 772 786 spatiis
794 722 1002 770 ssestens?
1024 726 1086 772 Ut
1102 736 1245 772 tamen
1265 726 1461 775 detrahas

181 797 287 856 ista,
306 813 399 844 non
421 811 512 845 erat
536 795 627 859 ipse
651 795 715 842 sol
740 795 946 843 idoneum
975 797 1117 843 oculis
1147 796 1430 859 spectaculum
1445 836 1460 858 ,

181 873 430 937 dignusque
452 871 656 930 adorari,
683 871 714 917 fi
742 883 908 917 tantum
929 870 1216 933 praeteriret?
1253 890 1344 919 non
1372 888 1461 922 erat

181 946 312 1009 digna
329 945 523 1008 suspefitu
539 945 640 990 luna
661 979 675 1002 ,
692 943 853 991 etiamsi
867 943 1057 991 otiosum
1073 942 1183 992 sidus
1197 946 1462 995 transcurre-

179 1018 277 1066 ret?
297 1017 389 1082 Ipse
407 1018 596 1064 mundus
607 1016 778 1080 quoties
793 1034 869 1080 per
889 1017 1088 1065 nofiem
1078 1035 1194 1081 ignes
1208 1017 1305 1068 suos
1320 1020 1463 1083 fudit,

120 1151 121 1157 ἵ
178 1106 224 1141 et
239 1106 407 1140 tantum
422 1092 637 1140 stellarum
649 1090 1031 1137 mnumerabssmm
1043 1091 1203 1138 refulsit
1207 1110 1359 1175 ‚quern
1371 1111 1461 1142 non

180 1167 398 1215 intentum
418 1165 462 1211 in
476 1165 516 1212 se
533 1167 678 1211 tenet?
700 1162 798 1226 quis
811 1161 885 1208 sibi
900 1161 999 1217 illa,
1018 1175 1122 1210 tunc
1142 1181 1240 1212 cum
1252 1166 1460 1225 miratur,

179 1236 385 1301 prodesse
414 1235 606 1300 cogitat?
641 1233 826 1297 Adspice
854 1232 930 1279 ista
959 1234 1093 1281 tacito
1119 1234 1302 1298 superne
1331 1240 1462 1288 coelo

179 1310 388 1368 labentia,
409 1307 785 1373 quemadmodum
804 1305 1079 1355 velocitatem
1100 1306 1219 1355 suam
1233 1308 1308 1356 sub
1323 1310 1457 1374 specie

179 1380 326 1429 stantis
358 1393 488 1445 atque
523 1381 701 1427 immoti
730 1378 876 1443 operis
914 1378 1194 1427 abscondant.
1232 1382 1461 1441 Quantum

179 1454 257 1502 ista
292 1456 451 1513 nocte,
475 1471 607 1519 quam
637 1466 683 1501 tu
712 1453 756 1499 in
778 1470 1007 1499 numerum
1029 1470 1079 1501 ac
1109 1454 1339 1502 discrimen
1368 1457 1461 1506 die·

180 1543 279 1574 rum
310 1527 540 1585 observas,
573 1526 745 1590 agitur?
773 1537 932 1589 quanta
953 1541 1098 1572 rerum
1118 1527 1242 1574 turba
1271 1528 1346 1574 sub
1376 1529 1465 1576 hoc

178 1599 349 1648 silentio
380 1600 642 1647 evolvitur?
675 1612 882 1663 quantam
916 1596 1108 1645 fatorum
1138 1598 1287 1646 seriem
1324 1614 1464 1650 certus

180 1672 306 1719 limes
334 1671 513 1719 educit?
542 1671 621 1718 Ista
640 1688 752 1735 quae
779 1686 826 1717 tu
849 1685 939 1716 non
963 1670 1115 1727 aliter,
1148 1687 1279 1733 quam
1307 1672 1351 1718 in
1383 1673 1462 1721 de.-

179 1761 335 1794 corem
360 1744 500 1807 sparsa
531 1745 801 1800 consideras,
831 1741 992 1805 singula
1012 1735 1210 1804 inopere
1228 1743 1340 1792 sunt.
1371 1745 1464 1793 Nec¹

178 1817 298 1864 enim
318 1818 378 1864 est
392 1850 406 1873 ‚
429 1819 552 1882 quod
570 1817 786 1865 existimes
806 1816 970 1877 septem
991 1814 1079 1861 sola
1100 1814 1368 1876 discurrere,
1390 1835 1463 1866 ce*

180 1905 272 1939 tera
290 1891 480 1939 haerere.
500 1907 743 1954 paucorum
765 1901 912 1936 motus
934 1887 1349 1948 comprehendimus
1368 1909 1378 1937 :
1401 1891 1466 1938 in-

181 1963 474 2011 numerabiles
492 1980 601 2012 vero
613 1999 627 2022 ‚
652 1962 912 2026 longiusque
929 1976 952 2005 a
971 1958 1206 2022 conspeetu
1231 1962 1382 2010 nostro
1401 1963 1468 2012 se·-

182 2037 298 2085 duffi
319 2038 379 2086 dii
398 2051 504 2086 eunt
522 2073 536 2097 ‚
555 2039 838 2100 redeuntque.
866 2037 919 2081 Et
938 2052 993 2081 ex
1019 2035 1083 2082 his
1103 2035 1180 2097 qui
1201 2038 1356 2086 oculos
1384 2056 1468 2086 no-

179 2111 291 2160 stros
319 2113 570 2174 patiuntur,
598 2110 796 2176 plerique
817 2107 1004 2155 obscuro
1033 2108 1168 2171 gradu
1192 2126 1403 2174 pergunt,
1429 2128 1471 2160 et

181 2200 261 2248 per
279 2185 503 2232 occultum
523 2196 719 2249 aguntur.
747 2182 870 2242 Quid
895 2185 1035 2245 ergo?
1062 2199 1153 2230 non
1177 2184 1344 2246 caperis
1371 2199 1469 2231 tan-

180 2271 250 2305 tae
268 2258 399 2306 molis
419 2259 649 2322 adspectu,
675 2256 806 2305 etiam
827 2254 856 2301 si
872 2270 914 2303 te
934 2271 1024 2301 non
1046 2265 1168 2317 regat
1183 2290 1195 2310 ‚
1217 2272 1306 2302 non
1329 2255 1470 2303 custo·

182 2331 303 2387 diat,
323 2349 415 2379 non
443 2331 596 2381 foveat
613 2367 626 2390 ,
652 2339 942 2395 generetque,
971 2343 1021 2376 ac
1053 2326 1200 2390 spiritu
1227 2326 1306 2376 suo
1326 2328 1470 2392 riget?

247 2407 421 2454 XXIV.
450 2404 846 2467 Quemadmodum
873 2401 979 2448 haec
1004 2418 1106 2449 cum
1133 2400 1325 2463 primum
1345 2401 1470 2449 usum

184 2479 394 2537 habeant,
417 2494 460 2526 et
478 2477 706 2526 necessaria
724 2473 957 2539 vitaliaque
977 2472 1086 2533 sint,
1119 2472 1315 2524 maiestas
1332 2485 1476 2523 tamen

249 2548 297 2594 L.
315 2547 437 2593 Arm.
465 2548 636 2595 Seneca.
662 2545 756 2591 Vol.
779 2541 845 2591 II,
1221 2538 1252 2584 P
