1742 2967
305 179 397 228 180
558 181 607 227 L.
650 181 950 227 ANNAEI
999 181 1355 229 SENECAE

297 303 354 351 pe
374 299 416 334 et
433 286 509 351 qui
536 288 728 336 reddidit
749 288 875 352 quod
899 288 1092 352 accepit,
1120 288 1313 352 ingratus
1331 289 1391 337 est
1410 308 1420 338 ε
1441 306 1484 339 et
1503 292 1579 356 qui

297 375 390 408 non
420 360 639 418 reddidit,
661 372 818 425 gratus.
850 362 930 426 'De
954 362 1212 426 quibusdam
1233 363 1363 410 etiam
1396 364 1579 427 imperi-

296 444 367 482 tus
385 433 516 480 iudex
538 433 755 480 dimittere
783 433 985 481 tabellam
1009 434 1180 498 potest:
1217 435 1291 482 ubi
1312 435 1481 495 fecisse,
1504 452 1581 485 aut

296 523 389 556 non
418 504 566 554 feciffe
586 505 957 569 pronuntiandum
986 506 1072 562 est,
1105 506 1165 554 ibi
1194 508 1374 571 prolatis
1411 510 1579 556 cautio-

296 578 450 637 nibus,
483 577 782 626 controverfia
811 578 995 626 tollitur.
1033 579 1124 627 Ubi
1150 597 1261 628 vero
1288 581 1401 628 inter
1428 581 1578 644 dispu-

294 664 431 700 tantes
452 651 563 699 ratio
590 651 653 700 ius
679 651 810 710 dicit,
847 652 909 699 ibi
934 653 1067 700 animi
1090 654 1340 702 conie&ttra
1365 655 1578 718 capienda

293 725 355 774 est
376 743 386 772 ε
406 725 480 772 ubi
507 725 550 772 id
570 759 583 781 ‚
609 726 663 773 de
687 741 780 788 quo
805 724 893 772 sola
918 725 1128 789 sapientia
1158 727 1378 786 decernit,
1401 727 1445 774 in
1464 745 1576 775 con-

292 798 553 848 troversiam
586 799 766 858 incidit,
796 815 886 845 non
919 800 1062 862 potest
1091 801 1144 847 ad
1172 801 1280 848 haec
1307 801 1416 847 sumi
1442 802 1577 849 iudex

295 887 350 919 ex
368 872 494 919 turba
512 871 795 927 seleciorum,
813 888 944 935 quem
963 872 1112 920 census
1131 872 1175 920 in
1192 872 1360 934 album,
1379 885 1423 922 et
1438 892 1577 939 eque-

291 944 388 994 stris
410 946 625 994 hereditas
645 947 769 994 mifit.

308 1017 310 1019 ’
359 1020 474 1066 Vm.
501 1022 648 1082 Itaque
675 1037 765 1067 non
787 1020 893 1067 haec
914 1034 1065 1082 parum
1092 1017 1252 1067 idonea
1274 1037 1343 1068 res
1369 1021 1459 1068 visa
1483 1021 1572 1078 est,

290 1107 405 1156 quae
424 1092 715 1140 deduceretur
733 1094 785 1140 ad
800 1094 1007 1140 iudicem.
1027 1092 1109 1138 Sed
1126 1109 1258 1140 nemo
1278 1093 1380 1140 huic
1398 1094 1460 1140 rei
1479 1095 1576 1142 satis

289 1163 479 1211 idoneus
506 1164 639 1212 iudex
661 1165 869 1213 inventus
888 1164 976 1212 est:
1003 1164 1126 1228 quod
1147 1181 1237 1211 non
1262 1166 1574 1224 admiraberis,

289 1237 323 1285 st
347 1237 577 1285 excusseris
590 1274 603 1298 ,
625 1239 729 1303 quid
749 1239 974 1285 habiturus
992 1235 1123 1284 fuerit
1147 1237 1433 1296 difficultatis,
1452 1239 1571 1303 quis-

287 1312 387 1376 quis
413 1312 457 1358 in
482 1311 700 1359 eiusmodi
719 1330 842 1360 reum
862 1309 1027 1359 exisset.
1047 1311 1254 1358 Donavit
1272 1311 1427 1374 aliquis
1447 1330 1573 1377 mag-

288 1404 389 1433 nam
416 1386 675 1449 pecuniam:
707 1387 777 1435 sed
798 1386 946 1444 dives,
974 1385 1046 1433 sed
1065 1401 1158 1431 non
1184 1385 1377 1432 sensurus
1399 1386 1572 1449 impen-

288 1458 424 1504 dium.
451 1458 654 1505 Donavit
673 1458 812 1505 alius:
838 1457 910 1504 sed
940 1468 1038 1505 toto
1072 1456 1342 1517 patrimonio
1368 1456 1573 1505 cessurus.

286 1531 465 1577 Summa
485 1530 636 1577 eadem
663 1529 745 1578 est:
774 1527 1036 1577 beneficium
1066 1524 1180 1573 idem
1193 1545 1294 1579 non
1316 1528 1388 1574 est.
1428 1530 1570 1576 Etiam

247 1605 250 1607 ’
288 1621 405 1652 nunc
425 1604 575 1651 adiice.
599 1604 685 1651 Hic
705 1602 933 1666 pecuniam
955 1616 1038 1663 pro
1055 1600 1229 1646 addicto
1247 1601 1452 1664 dependit
1470 1620 1481 1649 ε
1499 1604 1571 1650 sed

287 1691 391 1723 cum
413 1676 525 1722 illam
556 1677 695 1723 domo
716 1673 971 1738 protulisset.
1018 1672 1089 1718 ille
1115 1672 1235 1717 dedit
1263 1673 1476 1719 eandem:
1498 1675 1570 1721 sed

287 1759 487 1795 mutuam
521 1748 692 1805 sumfit,
718 1759 790 1793 aut
820 1745 996 1809 rogavit
1015 1779 1027 1801 ,
1056 1755 1098 1790 et
1126 1743 1167 1789 se
1199 1743 1383 1805 obligari
1407 1746 1568 1808 ingenti

286 1820 448 1867 merito
476 1821 618 1884 paffus
648 1820 721 1883 est.
751 1819 918 1865 Eodem
944 1816 1163 1863 existimas
1186 1817 1289 1863 loco
1310 1818 1391 1863 effe
1411 1819 1533 1864 illum
1553 1856 1569 1878 ‚

285 1894 360 1956 qui
382 1894 644 1942 benef-icium
663 1911 716 1940 ex
738 1893 852 1939 facili
871 1893 1045 1955 largitus
1062 1891 1121 1937 est
1142 1909 1152 1937 :
1175 1904 1217 1937 et
1234 1892 1376 1949 hunc,
1398 1894 1473 1956 qui
1490 1912 1567 1942 ac-

285 1966 426 2029 cepit,
446 1979 492 2013 ut
511 1967 658 2014 daret?
675 1967 901 2028 Tempore
920 1966 1132 2028 quaedam
1152 1981 1305 2028 magna
1328 1963 1454 2023 fiunt,
1475 1983 1567 2014 non

285 2039 467 2087 summa.
490 2040 757 2087 Beneficium
787 2039 847 2086 est
868 2040 1025 2085 donata
1053 2039 1284 2100 posseffio,
1306 2038 1428 2086 cuius
1444 2039 1568 2088 ferti-

284 2113 378 2161 litas
401 2115 544 2161 laxare
569 2116 698 2177 poffit
717 2131 962 2160 annonam:
987 2113 1248 2160 beneficium
1279 2113 1362 2171 est,
1388 2132 1499 2161 unus
1519 2115 1566 2162 in

284 2185 402 2233 fame
437 2188 570 2250 panis.
605 2186 874 2233 Beneficium
903 2185 987 2241 est,
1022 2187 1185 2232 donare
1218 2187 1445 2249 regiones,
1487 2205 1566 2249 per

283 2277 391 2322 quas
411 2262 544 2307 multa
569 2260 750 2307 flumina
776 2274 817 2306 et
842 2260 1097 2323 navigabilia
1120 2262 1371 2307 decurrant:
1395 2261 1563 2307 benefi-

284 2333 401 2379 cium
425 2334 511 2392 est,
539 2335 760 2381 arentibus
791 2334 881 2391 (iti,
917 2348 960 2380 et
990 2333 1069 2380 vix
1100 2334 1293 2396 spiritum
1330 2350 1407 2394 per
1435 2333 1565 2380 siccas

281 2405 427 2454 fauces
454 2409 740 2467 ducentibus,
768 2408 1008 2454 monstrare
1034 2407 1217 2454 fontem.
1244 2407 1356 2467 Quis
1381 2408 1493 2453 inter
1522 2406 1563 2453 se

283 2480 360 2528 issa
381 2483 687 2545 comparabit?
708 2483 803 2547 quis
822 2481 1068 2546 expendet?
1098 2482 1282 2529 difficilis
1303 2480 1362 2528 est
1385 2479 1560 2528 senten-
