1742 2967
388 198 493 247 ‘DE
539 201 994 249 BENEFICMS
1043 207 1162 252 LIB.
1196 209 1252 252 V.
1376 207 1459 255 261

187 320 279 352 non
298 304 360 353 est
376 307 500 369 quod
517 306 720 356 irascaris.
749 310 926 372 Ignosce
949 311 1027 358 illis
1044 328 1054 356 :
1072 328 1225 359 omnes
1239 313 1468 362 insaniunt.

188 379 313 426 Nolo
329 391 371 427 te
385 381 440 426 ad
459 380 625 429 incerta
643 400 852 430 revocare
867 420 880 440 ,
900 397 947 430 ut
969 385 1109 431 dicam
1122 419 1136 441 ‚
1160 387 1304 446 Quam
1325 386 1467 449 ingra-

187 469 230 502 ta
257 454 306 501 fit
329 454 561 513 iuventus,
587 456 702 503 vide.
734 457 845 517 Quis
871 475 962 503 non
982 459 1094 520 patri
1117 458 1194 504 suo
1220 459 1468 520 supremum

186 526 326 585 diem,
345 539 393 572 ut
411 525 623 574 innocens
644 526 717 585 fit,
741 530 896 590 optat?
919 543 965 575 ut
983 530 1257 588 moderatus,
1287 530 1467 592 exspec-

184 599 279 646 tat?
307 610 352 646 ut
383 599 506 661 pius,
533 600 730 663 cogitat?
766 603 943 661 Quotus
970 604 1153 666 quisque
1179 602 1329 649 uxoris
1348 602 1466 665 opti-

187 685 285 717 mae
311 685 502 718 mortem
531 672 678 723 timet,
707 686 756 719 ut
776 690 867 720 non
888 686 930 720 et
949 688 1178 737 computet
1200 679 1216 719 ?
1247 674 1360 731 Cui,
1390 690 1467 719 ro-

183 760 272 807 g0‚
298 743 371 791 cui
403 745 613 808 litigatori
635 745 843 803 defenso,
874 759 960 792 tam
993 746 1136 810 magni
1165 745 1365 793 beneficii
1399 746 1466 791 ul-

182 831 248 865 tra
278 835 345 865 res
375 820 596 881 proximas
626 818 842 865 memoria
870 819 1081 868 duravit?
1126 819 1235 865 Illud
1274 819 1318 863 in
1353 834 1465 864 con-

184 889 295 937 feffo
326 889 400 938 est.
433 892 532 954 quis
561 891 649 938 fine
676 890 855 954 querela
877 891 1099 940 moritur?
1139 892 1237 955 quis
1267 903 1466 937 extremo

182 965 254 1013 die
277 966 422 1013 dicere
444 966 574 1013 audet
597 984 608 1012 ε

253 1085 389 1138 Vixi,
419 1081 461 1128 6⁴
479 1101 593 1145 quem
619 1084 778 1127 dederat
803 1082 962 1142 cursum
976 1082 1186 1141 fortuna,
1202 1081 1367 1143 peregi?

181 1185 281 1249 quis
309 1202 401 1232 non
435 1186 663 1243 recusans,
687 1185 787 1249 quis
819 1202 910 1231 non
946 1201 1124 1248 gemens
1156 1183 1287 1230 exit?
1327 1179 1464 1245 Atqui

182 1259 272 1307 hoc
290 1259 449 1323 ingrati
474 1258 557 1318 est,
582 1275 672 1305 non
699 1258 783 1305 effe
809 1271 1069 1305 contentum
1092 1256 1327 1320 praeterito
1352 1268 1464 1302 tem-

182 1349 308 1395 pore.
353 1333 533 1394 Semper
559 1331 687 1393 pauci
719 1331 808 1377 dies
833 1343 989 1389 erunt,
1016 1330 1045 1376 fi
1075 1331 1170 1378 illos
1199 1344 1462 1377 numerave-

181 1405 255 1450 ris.
285 1403 475 1465 Cogha,
502 1419 593 1448 non
617 1401 701 1448 effe
723 1402 938 1449 summum
965 1403 1134 1449 bonum
1160 1403 1206 1448 in
1232 1415 1462 1464 tempore:

182 1489 573 1538 quantumcunque
605 1473 696 1529 est,
730 1475 837 1520 boni
869 1474 1058 1521 consule.
1103 1477 1166 1521 Ut
1195 1484 1465 1537 prorogetur

181 1547 262 1594 tibi
275 1548 366 1594 dies
383 1548 556 1604 mortis,
580 1547 686 1593 nihil
700 1547 877 1610 proficit
895 1549 948 1594 ad
963 1547 1237 1595 felicitatem:
1252 1545 1463 1608 quoniam

183 1637 311 1668 mora
335 1637 427 1667 non
450 1619 499 1667 fit
524 1621 693 1668 beatior
721 1621 811 1668 vita
829 1657 841 1678 ‚
873 1622 943 1668 sed
970 1621 1158 1684 longior.
1187 1622 1371 1681 Quanto
1395 1618 1463 1664 sa-

183 1695 271 1742 tius
298 1693 386 1749 est,
406 1707 575 1758 gratum
598 1694 801 1742 adversus
823 1708 1049 1757 perceptas
1072 1693 1344 1754 voluptates,
1371 1706 1465 1736 non

182 1768 368 1814 aliorum
401 1784 540 1814 annos
572 1779 855 1829 computare,
885 1767 956 1814 sed
988 1766 1086 1812 suos
1117 1766 1302 1828 benigne
1335 1763 1464 1810 aesti-

181 1856 382 1896 mare,et
401 1841 444 1887 in
469 1841 593 1889 lucro
626 1841 825 1903 ponere?
856 1843 955 1887 Hoc
987 1855 1058 1886 me
1083 1839 1264 1903 dignum
1292 1838 1463 1884 iudica-

180 1915 247 1964 vit
273 1916 429 1963 Deus?
456 1916 543 1962 hoc
568 1915 663 1963 satis
697 1915 768 1963 est.
805 1915 954 1962 Potuit
978 1913 1103 1977 plus?
1133 1913 1203 1960 sed
1233 1913 1321 1959 hoc
1344 1927 1463 1976 quo-

181 2005 271 2053 que
297 1988 560 2036 beneficium
580 1988 653 2036 est.
683 1988 807 2035 Grati
832 1989 961 2034 fimus
983 1987 1187 2034 adversus
1205 1986 1337 2044 deos,
1362 2001 1464 2048 gra·

181 2061 214 2109 ii
241 2061 449 2108 adversus
481 2060 683 2108 homines
702 2098 715 2119 ‚
749 2061 855 2124 grati
883 2061 1087 2114 adversus
1112 2077 1217 2119 eos,
1238 2060 1312 2123 qui
1339 2059 1467 2106 nobis

180 2135 343 2199 aliquid
374 2134 705 2198 praestiterunt3
736 2136 843 2198 grati
870 2135 1000 2183 etiarn
1032 2135 1236 2184 adversus
1267 2151 1365 2194 eos,
1388 2131 1466 2196 qui

181 2208 339 2255 nostris
368 2207 686 2270 praestiterunt.

246 2285 412 2330 Xvnl.
446 2284 495 2328 In
528 2281 747 2328 infinitum
768 2316 782 2337 ,
818 2280 994 2343 inquit,
1026 2299 1096 2330 me
1128 2281 1320 2345 obligas,
1358 2296 1468 2326 cum·

186 2357 322 2415 dicis,
353 2369 395 2403 et
423 2354 591 2402 nostris.
630 2354 774 2417 itaque
800 2370 916 2416 pone
956 2355 1144 2419 aliquem
1176 2354 1321 2401 finem.
1371 2350 1469 2413 Qui¹

185 2431 279 2478 filio
320 2429 582 2477 beneficium
627 2429 727 2484 dat,
770 2442 818 2474 ut
849 2427 982 2484 dicis,
1027 2440 1071 2474 et
1099 2428 1211 2488 patri
1250 2428 1340 2474 eius
1378 2428 1467 2473 dat.

185 2504 380 2550 Primum
410 2503 556 2559 unde,
591 2518 710 2564 quo,
737 2516 918 2565 quaero,
965 2500 1145 2548 Deinde
1179 2500 1283 2547 illud
1313 2500 1470 2563 utique-
