1742 2967
1397 205 1460 252 77

262 319 324 374 L.
394 317 820 373 ANNAEI
897 311 1400 373 SENECAE

294 451 474 540 DE
538 451 875 558 VITA
927 449 1365 541 BEATA

198 619 335 684 AD
377 617 956 686 GALLIONEM
994 618 1463 686 FRATREM

511 761 548 806 L
581 760 599 805 1
632 760 665 805 B
699 760 736 805 E
767 759 809 805 R
874 760 919 806 U
953 760 997 806 Ν
1030 761 1075 806 U
1107 761 1151 807 s,

196 875 1245 888 *κῇ-*ψ*
1253 878 1464 890 ———

560 954 865 1014 Argumentum
893 949 936 998 δ’
966 953 1093 999 Ordo.

200 1067 314 1106 Senex
341 1069 433 1107 hunc
461 1067 612 1106 libellum
634 1069 795 1121 scripsit,
821 1066 857 1105 δ’
879 1068 974 1107 velut
998 1068 1239 1121 Defensionem
1254 1070 1471 1123 praescripsti

253 1142 374 1167 contra
388 1130 674 1175 calumniatores,
690 1131 748 1181 qui
766 1132 862 1182 Opes
876 1129 911 1167 δ’
934 1131 1051 1169 Vitam
1074 1131 1296 1172 obieetabant.
1320 1134 1470 1172 Beatam

254 1191 360 1229 vitam
370 1192 407 1228 in
419 1191 545 1229 virtute
557 1189 637 1243 effi‘:
644 1191 710 1244 sed
724 1192 815 1230 hanc
830 1203 973 1230 externa
984 1207 1053 1230 non
1058 1192 1219 1245 spernere
1229 1195 1281 1244 ‚si
1291 1196 1470 1234 accedant.

254 1252 406 1291 sublime
417 1251 586 1306 seriptum
604 1253 670 1305 est,
680 1252 944 1305 pulcherrimum
967 1254 1004 1291 in
1028 1254 1211 1305 partibus,
1233 1253 1268 1292 ξι»
1281 1257 1375 1306 quod
1394 1270 1468 1303 mo-

250 1314 328 1352 nita
340 1315 529 1368 sensusque
552 1329 674 1353 aureos
695 1315 808 1354 habet.
829 1315 957 1354 Partes
979 1316 1054 1353 eius
1076 1317 1166 1370 duae
1178 1317 1289 1369 fitnt:
1311 1318 1413 1368 Quid
1422 1319 1470 1367 fit

251 1376 368 1414 Beata
391 1376 502 1415 vita?
529 1375 563 1414 δ’
582 1378 764 1427 Quomodo
790 1392 827 1415 eo
848 1378 1106 1429 perveniatur?
1128 1378 1188 1415 De
1204 1378 1344 1429 priore,
1365 1392 1470 1431 negat

248 1437 288 1476 in
311 1439 489 1490 Opinione
510 1450 572 1477 aut
591 1440 695 1477 More
714 1441 966 1491 quaerendam:
978 1454 1041 1492 per
1060 1440 1143 1477 trita
1157 1442 1195 1492 si
1213 1440 1302 1489 itur,
1327 1440 1469 1493 longius

249 1500 296 1538 ab
314 1515 354 1537 ea
370 1499 496 1541 abitur.
514 1500 623 1539 Ratio
632 1501 717 1554 sola
735 1501 910 1539 audienda
934 1502 989 1553 est.
1004 1516 1045 1539 ea
1064 1501 1172 1548 dicit,
1187 1502 1338 1539 Beatam
1357 1502 1470 1540 vitam

250 1563 312 1615 ff
329 1565 582 1602 convenientem
603 1577 750 1603 naturae
761 1566 850 1618 sitae
862 1580 872 1603 .·
885 1565 925 1601 id
934 1565 997 1616 est,
1007 1565 1156 1616 positam
1168 1564 1207 1601 in
1226 1564 1371 1602 Virtute.
1385 1566 1470 1603 Non

251 1624 290 1662 in
308 1625 488 1678 voluptate
499 1656 512 1673 ‚
531 1641 605 1664 cum
622 1626 777 1678 Epicuro
788 1627 810 1664 ?
830 1626 976 1665 minime.
989 1624 1023 1662 ἃ
1041 1623 1161 1678 dzffiise
1176 1623 1310 1663 hunc&
1325 1625 1470 1678 iffclas

218 1686 222 1690 ’
251 1684 387 1737 refellit.
408 1688 511 1740 usq&
525 1702 562 1725 eo
574 1718 588 1734 ,
607 1699 645 1725 ut
659 1702 719 1726 nec
733 1688 833 1740 iungi
847 1701 920 1726 cum
938 1687 1064 1725 virtute
1080 1687 1294 1738 voluptatem
1311 1686 1397 1726 velit
1408 1718 1420 1734 ,
1434 1688 1468 1724 θ

251 1759 360 1785 totum
383 1748 446 1786 hoc
465 1763 585 1787 nomen
606 1749 770 1801 repudiet.
789 1749 892 1787 Haec
914 1750 965 1785 ad
988 1750 1074 1800 Cap.
1092 1759 1190 1786 XVI.
1210 1748 1294 1785 Inde
1308 1763 1394 1801 pars
1408 1749 1468 1786 al-

248 1819 333 1848 tera.
347 1809 415 1848 Ad
433 1809 699 1861 perveniendum
722 1809 831 1861 igitur
842 1809 925 1863 sola
946 1809 1059 1847 virtus
1084 1808 1340 1861 amplee‘lenda,
1361 1821 1470 1847 cetera

242 1872 470 1925 spernenda?
485 1874 607 1925 Negat
617 1888 632 1920 ,-
649 1873 787 1910 admitti
807 1873 940 1924 quidem
959 1883 1101 1910 externa
1116 1871 1211 1924 poffi
1223 1902 1236 1918 ,
1253 1874 1320 1925 fed
1338 1888 1407 1911 non
1432 1886 1471 1913 ut

244 1933 364 1984 finem.
388 1935 494 1973 Immo
508 1934 556 1972 iis
570 1934 629 1986 qui
647 1934 685 1972 in
704 1935 768 1972 via
786 1935 993 1986 adhucfunt
1004 1964 1016 1982 ‚
1036 1932 1070 1971 ὅτ’
1080 1933 1337 1985 proficientium
1351 1949 1471 1973 nume·⁵

249 2009 286 2033 ro
299 2026 310 2043 ‚
333 2009 422 2047 opus
437 1995 498 2047 effe
515 1995 636 2049 aliqua
658 1996 879 2049 indulgentia
897 1996 1083 2033 Fortunae.
1097 1996 1172 2033 Hic
1179 1995 1361 2047 privatam
1365 1996 1470 2049 suam

250 2058 390 2111 causam
407 2059 520 2096 calide
533 2059 604 2097 iam
624 2059 659 2097 δ’
678 2060 805 2112 robuste
824 2059 922 2112 agit,
944 2057 977 2095 δ’
990 2058 1202 2096 obiicientem
1225 2059 1382 2105 inducit,
1404 2061 1473 2098 Cur

252 2131 290 2157 tu
305 2120 344 2157 de
367 2121 501 2160 Virtute
508 2123 561 2173 fic
579 2122 715 2160 locutus
725 2152 738 2168 ,
763 2122 841 2160 alia
856 2124 960 2159 etiam
975 2120 1080 2158 habes
1091 2122 1112 2158 ἓ
1126 2134 1184 2158 cur
1195 2122 1318 2173 servos
1330 2124 1350 2160 ?
1364 2136 1469 2160 num-

251 2196 324 2221 mos
334 2214 344 2231 ,
366 2182 477 2221 villas
489 2184 746 2236 ,fitpellet‘lilem
756 2186 778 2223 ?
796 2185 900 2221 Varie
917 2184 1117 2236 respondet:
1133 2197 1176 2221 ac
1184 2184 1298 2235 primo
1314 2187 1343 2222 S
1345 2185 1467 2236 apien-

250 2244 361 2296 iemse
382 2257 453 2281 non
462 2243 524 2295 ff
537 2275 549 2291 ‚
556 2245 624 2297 sed
632 2245 752 2282 conari
767 2242 840 2296 effe.
865 2244 1007 2282 Deinde
1018 2244 1106 2282 aliis
1117 2244 1348 2297 summatibus
1359 2244 1468 2287 viris,

251 2305 427 2353 Platoni,
453 2306 615 2354 Zenoni,
639 2306 818 2358 Aristoteli
843 2308 915 2344 iam
936 2307 1018 2344 olim
1042 2306 1126 2344 haec
1148 2307 1285 2344 obieeta.
1309 2306 1364 2343 At
1386 2305 1471 2357 quin

250 2381 366 2406 omnes
378 2368 431 2420 isti
444 2382 514 2406 non
534 2369 702 2420 quomodo
714 2370 890 2415 viverent,
896 2368 963 2421 sed
981 2368 1165 2406 vivendum
1181 2367 1257 2419 effit
1268 2397 1279 2415 ‚
1293 2367 1472 2405 docebam.

254 2429 381 2467 Ardua
396 2443 472 2475 res,
493 2429 625 2468 Virtus.
643 2429 886 2482 Suspiciendi,
904 2429 1007 2465 eiiam
1019 2429 1077 2480 qui
1092 2440 1263 2466 conantur
1273 2428 1471 2477 ascendere„

252 2489 314 2540 etfi
330 2489 491 2528 decidunt
504 2490 663 2538 interim,
683 2500 746 2528 aut
759 2489 909 2530 haerent.
930 2489 1016 2529 Tum
1028 2490 1070 2527 de
1091 2487 1230 2540 Opibus
1249 2485 1469 2538 mprofiffba
