1742 2967
338 189 427 253 ηε
576 186 1388 237 L.ANNAEISENECAE

328 295 445 342 diam
467 294 716 360 refugisset,
737 296 886 343 dicens
904 313 993 343 non
1015 298 1258 344 convenire
1277 297 1477 346 fortunae
1491 296 1614 347 suae:

328 368 437 412 Non
471 383 668 430 quaero,
704 367 873 430 inquit,
907 368 1012 432 quid
1041 381 1083 414 te
1109 368 1308 432 accipere
1330 371 1484 418 deceat
1501 406 1514 429 ,
1541 372 1614 419 sed

327 439 437 502 quid
463 456 533 485 me
552 440 669 487 dare.
690 440 900 499 Animosa
921 458 1012 487 vox
1037 441 1236 498 videtur,
1263 454 1306 488 et
1325 443 1441 507 regia
1469 461 1481 490 :
1511 462 1612 491 cum

324 514 374 559 sit
411 514 657 562 stultissima.
694 516 812 563 Nihil
845 515 961 563 enim
989 533 1067 577 per
1098 516 1138 564 se
1156 534 1422 581 quemquam
1452 517 1576 565 decet
1596 535 1610 564 ε

324 586 458 633 refert
477 588 586 650 quid
601 624 613 644 ,
635 589 707 635 cui
722 624 734 644 ,
754 591 955 652 quando,
979 607 1137 653 quare,
1156 590 1231 636 ubi
1248 625 1260 647 ,
1280 602 1323 637 et
1341 603 1504 646 cetera,
1523 592 1612 639 fine

323 660 481 722 quibus
508 660 606 708 facti
628 661 741 708 ratio
764 679 852 708 non
875 664 1108 711 constabit.
1139 663 1495 710 Tumidissimum
1515 664 1612 711 ani-

322 732 436 779 mal!
471 735 640 781 stillum
670 736 869 798 accipere
902 738 991 784 hoc
1022 753 1113 783 non
1142 737 1294 793 decet,
1324 753 1404 783 nec
1433 748 1476 782 te
1495 738 1612 786 dare.

323 805 545 852 Habeatur
575 807 859 868 personarum
891 826 940 855 ac
969 808 1228 871 dignitatum
1259 809 1496 871 proportio
1523 827 1534 855 ε
1567 821 1612 857 et

320 896 424 925 cum
453 880 502 926 fit
532 881 694 944 ubique
715 882 886 929 virtutis
912 884 1100 942 modus,
1134 899 1273 946 aeque
1303 895 1456 943 peccat
1484 883 1610 946 quod

321 953 494 1024 ericedit
510 990 521 1011 ‚
553 971 681 1017 quam
702 957 825 1018 quod
848 955 1004 1003 deficit.
1029 958 1176 1003 Liceat
1192 956 1305 1003 istud
1324 957 1420 1002 sane
1438 957 1516 1003 tibi
1534 993 1547 1015 ‚
1566 973 1611 1005 et

318 1035 362 1073 te
379 1025 424 1071 ἰὴ
444 1038 612 1073 tantum
638 1026 814 1073 fortuna
834 1027 1050 1074 sustulerit
1068 1064 1079 1083 ‚
1112 1040 1160 1082 ut
1181 1028 1405 1091 congiaria
1437 1040 1510 1073 tua
1533 1039 1610 1075 ur2

319 1097 395 1144 bes
413 1096 491 1143 sint
511 1117 521 1143 z
542 1115 649 1161 quas
670 1113 838 1160 quanto
857 1099 1034 1147 maioris
1053 1099 1188 1146 animi
1213 1100 1294 1145 fuit
1312 1116 1401 1146 non
1422 1117 1577 1162 capere
1595 1137 1611 1160 ‚

317 1180 448 1233 quam
471 1170 668 1233 spargere
686 1176 702 1217 ?
726 1171 789 1218 est
809 1187 956 1220 tamen
975 1172 1129 1236 aliquis
1147 1172 1296 1218 minor
1310 1208 1323 1230 ‚
1344 1189 1475 1236 quam
1498 1173 1611 1219 utin

266 1290 270 1297 ,
316 1243 409 1289 sinu
427 1243 518 1289 eius
541 1245 770 1291 condenda
791 1244 841 1291 fit
856 1245 1028 1293 civitas.

379 1316 525 1361 XVH.
555 1316 622 1362 Ab
644 1317 868 1380 Antigono
889 1319 1090 1382 Cynicus
1114 1317 1239 1381 petiit
1263 1317 1493 1365 talentum.
1522 1320 1610 1365 Re-

316 1386 520 1448 spondit,
541 1388 634 1449 plus
653 1388 762 1445 esse,
788 1406 921 1452 quam
940 1391 1063 1453 quod
1089 1389 1293 1452 Cynicus
1314 1403 1460 1451 petere
1480 1391 1608 1437 debe-

315 1475 396 1506 ret.
423 1461 636 1523 Repulsus
656 1463 765 1524 petit
784 1462 1023 1510 denarium.
1048 1463 1293 1524 Respondit
1308 1498 1321 1519 ‚
1335 1462 1477 1508 minus
1497 1464 1608 1519 effe,

314 1547 446 1596 quam
471 1535 591 1597 quod
610 1551 756 1598 regem
776 1536 951 1582 deceret
975 1536 1090 1582 dare.
1116 1535 1383 1598 Turpissima
1406 1535 1468 1581 est
1494 1536 1608 1583 eius-

313 1609 439 1654 modi
457 1609 692 1655 cavillatio.
723 1609 895 1656 Invenit
919 1611 1156 1674 quomodo
1178 1623 1379 1655 neutrum
1405 1610 1539 1656 daret.
1560 1610 1607 1656 in

312 1681 498 1728 denario
524 1698 698 1744 regem,
731 1683 776 1728 in
806 1683 970 1729 talento
1002 1684 1229 1746 Cynicum
1259 1683 1446 1745 respexit
1469 1701 1480 1728 ε
1502 1699 1605 1729 cum
1640 1691 1642 1693 ’

313 1753 456 1816 poffet
482 1766 525 1798 et
550 1755 777 1800 denarium
799 1765 1007 1817 tanquam
1038 1755 1219 1818 Cynico
1249 1755 1378 1809 dare,
1405 1766 1449 1801 et
1470 1754 1606 1800 talen-

311 1837 405 1872 tum
427 1840 633 1889 tanquam
655 1844 747 1874 rex.
776 1829 839 1874 Ut
871 1828 920 1874 fit
941 1828 1104 1891 aliquid
1132 1828 1298 1882 maius,
1318 1843 1450 1890 quam
1480 1828 1603 1890 quod

313 1900 513 1961 Cynicus
534 1899 746 1962 accipiat3
780 1899 886 1945 nihil
908 1912 996 1946 tam
1028 1900 1233 1963 exiguum
1256 1898 1344 1954 est,
1370 1899 1491 1961 quod
1509 1916 1602 1946 non

314 1971 496 2017 honeste
519 1972 633 2034 regis
654 1972 898 2019 humanitas
926 1973 1102 2018 tribuat.
1131 1975 1155 1996 ⁴*
1173 1971 1214 2018 Si
1240 1988 1310 2017 me
1329 1971 1569 2035 interrogas
1585 2004 1601 2026 ,

311 2046 473 2108 probo.
498 2045 558 2091 est
579 2046 696 2092 enim
722 2046 1005 2093 intolerabilis
1035 2063 1130 2102 res,
1162 2046 1340 2108 poscere
1366 2062 1605 2104 nummOS,

312 2129 356 2162 et
379 2129 676 2164 contemnere.
704 2118 898 2164 lndixiffi
926 2118 1137 2181 pecuniae
1157 2118 1341 2164 odium:
1374 2118 1461 2163 hoc
1489 2135 1600 2179 pro-

313 2189 446 2236 fessus
474 2207 531 2237 es.
559 2192 670 2238 hanc
704 2192 933 2254 personam
966 2191 1143 2237 induisti
1169 2209 1178 2236 :
1213 2192 1379 2254 agenda
1411 2190 1486 2238 est.
1514 2192 1602 2237 Ini-

312 2265 561 2328 quisiimum
583 2266 666 2322 est,
684 2278 723 2312 te
741 2268 966 2328 pecuniam
988 2267 1065 2312 sub
1084 2266 1221 2330 gloria
1237 2265 1434 2328 egestatis
1447 2264 1601 2328 acqui-

314 2357 422 2386 rere.
445 2340 736 2403 Adspicienda
755 2358 863 2403 ergo
880 2357 968 2386 non
986 2341 1127 2386 minus
1147 2340 1216 2386 sua
1235 2340 1391 2402 cuique
1412 2339 1596 2400 persona

314 2412 403 2467 est,
439 2431 567 2475 quam
586 2415 704 2469 eius,
731 2415 785 2461 de
806 2431 898 2478 quo
923 2415 1119 2461 iuvando
1146 2415 1243 2477 quis
1270 2413 1447 2476 cogitat.
1472 2412 1596 2456 Volo

316 2487 558 2551 Chrysippi
579 2489 713 2535 nostri
734 2488 796 2536 uti
813 2488 1088 2535 similitudine
1112 2487 1165 2534 de
1190 2486 1301 2550 pilae
1327 2484 1445 2532 lusu:
1464 2499 1595 2546 quam
