1742 2967
279 221 368 269 ¹34
515 208 562 255 L.
616 206 916 253 ANNAEI
964 206 1319 254 SENECAE

271 314 454 376 quibus,
480 315 664 368 murali,
695 325 738 359 et
767 313 906 361 civica
934 314 1083 360 donat.
1111 313 1216 375 quid
1245 314 1378 363 habet
1409 332 1488 376 per
1515 316 1556 362 se

269 401 436 434 corona
457 387 724 450 pretiosum?
742 387 850 448 quid
871 385 1123 448 praetexta?
1141 388 1245 450 quid
1266 385 1428 434 fasces?
1449 389 1555 451 quid

268 457 475 514 tribunal,
505 473 547 506 et
573 459 750 506 cin-rus?
778 459 884 504 nihil
906 460 1066 504 horum
1094 460 1239 505 honor
1261 459 1322 506 est
1339 496 1350 516 ,
1375 460 1447 506 sed
1473 462 1556 507 ho·-

267 529 388 575 noris
408 529 581 594 insigne.
599 530 670 576 Sic
687 545 775 574 non
793 529 851 576 est
870 527 1130 575 beneficium
1149 529 1209 587 id,
1225 531 1345 593 quod
1359 529 1434 576 sub
1448 547 1556 577 ocu-

267 601 335 650 los
364 604 513 657 venit,
543 603 615 650 sed
641 601 842 650 beneficii
871 602 1099 666 vestigium
1122 619 1165 650 et
1185 617 1302 650 nota.

334 676 407 722 VI.
429 676 550 736 Quid
570 675 631 722 est
654 692 763 740 ergo
783 675 1078 722 beneficium?
1103 676 1326 723 Benevola
1351 677 1462 723 aetio
1481 676 1556 722 tri-

264 747 403 796 buens
432 749 666 807 gaudium,
696 749 956 812 capiensque
987 749 1253 805 tribuendo,
1284 750 1325 795 in
1358 751 1401 796 id
1430 750 1552 813 quod

266 819 370 868 facit
385 836 548 881 prona,
565 832 607 865 et
629 819 783 879 sponte
800 819 871 865 sua
891 835 1050 882 parata.
1069 823 1216 883 Itaque
1234 838 1321 866 non
1338 821 1441 884 quid
1459 821 1554 879 fiat,

265 904 338 939 ant
368 892 473 953 quid
502 892 655 946 detur,
684 892 842 948 refert,
868 892 938 939 sed
969 911 1052 957 qua
1078 907 1236 941 mente.
1271 896 1386 955 Quia
1414 896 1552 941 bene-

266 962 417 1011 ficium
452 980 541 1008 non
574 964 617 1009 in
642 980 696 1010 eo
726 966 845 1016 Quod
885 965 931 1011 fit
960 982 1031 1013 aut
1057 968 1204 1022 datur,
1235 969 1447 1023 consistit,
1482 969 1553 1016 sed

264 1034 309 1084 in
344 1034 436 1097 ipso
468 1035 606 1080 dantis
635 1050 705 1081 aut
735 1035 933 1084 facientis
965 1039 1127 1086 animo.
1169 1043 1378 1103 Magnum
1408 1055 1551 1089 autem

265 1107 354 1155 effe
383 1109 493 1153 inter
515 1108 588 1153 ista
612 1109 843 1155 discrimen
860 1146 872 1166 ‚
905 1111 979 1158 vel
1006 1128 1059 1158 ex
1085 1112 1172 1157 hoc
1196 1111 1405 1175 intelligas
1425 1114 1553 1170 licet,

265 1182 389 1244 qnod
418 1180 680 1228 beneficium
709 1183 861 1245 utique
888 1183 1057 1230 bonum
1082 1184 1142 1230 est
1167 1203 1176 1231 :
1198 1184 1242 1230 id
1263 1201 1404 1231 autem
1425 1188 1551 1248 quod

265 1255 314 1301 fit
343 1267 415 1301 aut
446 1256 598 1311 datur,
637 1273 716 1303 nec
752 1258 921 1303 bonum
951 1276 1032 1304 nec
1060 1258 1221 1304 malum
1251 1259 1325 1305 est.
1366 1260 1552 1315 Animus

264 1327 352 1385 est,
380 1329 454 1390 qui
491 1346 625 1390 parva
653 1332 853 1387 monite,
887 1333 1059 1378 sordida
1086 1331 1293 1390 illustrat,
1323 1351 1479 1395 magna
1509 1346 1552 1381 et

265 1401 313 1447 in
335 1403 477 1463 pretio
510 1403 654 1451 habita
680 1405 934 1452 dehonestat
955 1425 965 1453 ε
988 1406 1076 1468 ipsa
1095 1443 1108 1462 ‚
1138 1423 1248 1469 quae
1268 1419 1550 1468 appetuntur„

264 1488 460 1521 neutram
497 1491 691 1522 naturam
727 1480 913 1533 habent,
935 1498 1014 1528 nec
1048 1482 1183 1537 boni,
1216 1497 1297 1526 nec
1329 1483 1444 1529 mali.
1478 1498 1549 1530 re·

263 1547 346 1593 fert
365 1581 378 1603 ‚
412 1565 503 1611 quo
536 1551 604 1596 illa
634 1551 779 1597 reetor
812 1552 980 1599 animus
1003 1552 1218 1613 impellat,
1243 1570 1265 1597 a
1288 1571 1379 1614 quo
1406 1553 1550 1600 forma

263 1623 391 1669 datur
415 1625 556 1671 rebus.
590 1626 694 1670 Non
727 1624 787 1670 est
813 1642 918 1688 ergo
947 1624 1209 1671 beneficium
1233 1626 1398 1687 ipsum,
1427 1629 1551 1692 quod

263 1711 540 1751 numeratur,
572 1696 647 1743 aut
679 1698 878 1743 traditur.
907 1698 1012 1744 sicut
1046 1716 1126 1745 nec
1154 1699 1198 1743 in
1228 1698 1413 1746 viffimis
1446 1699 1549 1762 qui-

263 1768 390 1824 dem,
416 1769 518 1816 licet
538 1770 713 1830 opimae
741 1769 844 1827 sint,
876 1788 1071 1832 auroque
1093 1769 1413 1835 praefulgeant,
1441 1773 1550 1819 deo-

262 1859 359 1889 rnm
384 1843 445 1889 est
469 1844 634 1899 honos3
659 1842 730 1892 sed
753 1845 822 1905 pia
850 1863 898 1892 ac
931 1847 1046 1892 reeta
1077 1846 1303 1891 voluntate
1333 1863 1547 1891 veneran-

262 1913 387 1960 tium.
423 1918 569 1977 ltaque
589 1916 696 1962 boni
719 1917 847 1961 etiam
869 1917 981 1962 farre
1000 1917 1055 1962 ac'
1083 1915 1200 1961 fitilla
1223 1916 1406 1979 religiosi
1425 1918 1544 1971 sunt;

261 1985 365 2031 mali
390 1985 532 2031 rursus
559 2002 649 2031 non
670 1984 882 2050 effugiunt
907 1989 1178 2050 impietatem
1193 2020 1206 2043 ,
1228 1988 1432 2052 quamvis
1452 2006 1547 2038 aras

263 2055 470 2118 sangnine
497 2057 636 2105 multo
661 2059 997 2106 cruentaverint.

327 2127 424 2173 VII.
445 2128 486 2173 Si
506 2128 715 2176 beneficia
742 2130 784 2175 in
804 2131 946 2187 rebus,
967 2147 1057 2176 non
1078 2131 1121 2176 in
1139 2130 1228 2192 ipsa
1246 2130 1546 2180 benefaciendi

260 2199 489 2248 voluntate
524 2202 834 2258 confisterent3
863 2219 918 2251 eo
952 2204 1116 2250 maiora
1143 2204 1300 2261 essent,
1329 2222 1423 2265 quo
1451 2222 1545 2251 ma-

260 2270 356 2318 iora
376 2273 495 2327 sunt,
517 2290 626 2336 qnae
648 2275 897 2337 accipimus.
933 2276 978 2322 id
997 2290 1140 2323 autem
1164 2272 1316 2323 falsum
1338 2277 1410 2324 est.
1432 2294 1546 2324 non-

261 2361 485 2407 nunquam
516 2346 653 2410 magis
676 2364 756 2393 nos
780 2349 973 2411 obiigat‚
1002 2349 1079 2412 qui
1109 2349 1228 2395 dedit
1256 2366 1387 2410 parva
1418 2367 1545 2411 mag-

261 2416 390 2463 nifiee
418 2435 429 2463 ε
457 2419 531 2478 qui
569 2436 722 2482 regum
755 2421 959 2481 aequavit
988 2437 1095 2482 opts
1135 2421 1316 2467 animo:
1345 2421 1417 2482 qui
1449 2421 1543 2466 exi-

261 2505 395 2553 guum
425 2490 597 2550 tribuit,
620 2491 692 2541 sed
711 2492 921 2541 libenter:
943 2493 1017 2560 qui
1048 2493 1310 2560 paupertatis
1348 2492 1444 2542 suae
1462 2494 1549 2546 ob*
