1742 2967
352 199 414 255 96
578 202 626 250 L.
674 201 978 248 ANNAEI
1028 200 1395 249 SENECAE

350 307 539 354 bibitur?
573 324 652 354 cur
679 320 823 354 autem
855 307 1012 353 domus
1041 307 1310 368 disponitur?
1345 323 1422 354 cur
1443 305 1620 355 arbores

351 393 520 442 praeter
561 384 756 428 umbram
790 380 893 425 nihil
930 379 1102 425 daturae
1134 379 1446 426 conseruntur?
1485 397 1620 443 quare

349 470 471 499 uxor·
486 471 555 500 tua
573 454 799 516 locupletis
817 454 972 498 domus
994 451 1165 498 censum
1185 453 1356 498 auribus
1372 451 1506 514 gerit?
1521 469 1618 516 qua-

348 541 396 571 re
438 525 756 589 paedagogium
794 524 979 587 pretiosa
1012 523 1127 570 veste
1155 524 1456 588 succingitur?
1485 540 1619 586 quare

349 615 416 645 ars
434 599 493 644 est
515 601 630 662 apud
653 613 714 654 te,
736 597 975 644 ministrare
1000 614 1011 642 :
1031 613 1110 643 nec
1137 609 1300 642 temere
1316 628 1330 651 ‚
1351 608 1394 642 et
1419 608 1466 641 ut
1491 596 1617 655 libet,

348 672 589 717 collocatur
601 684 819 734 argentum
837 707 849 725 ,
866 671 936 717 sed
956 671 1089 732 perite
1111 670 1315 726 servitur,
1330 682 1371 716 et
1385 670 1444 716 est
1460 672 1616 733 aliquis

344 744 565 790 scindendi
596 744 767 790 obsonii
791 743 987 806 magister
1005 743 1021 788 ?
1052 743 1202 789 Adiice
1217 779 1231 801 ,
1250 743 1277 787 li
1297 744 1384 801 vis,
1404 761 1481 790 cur
1501 756 1617 790 trans

346 832 464 862 mare
490 816 678 879 poffides
697 817 712 862 ?
739 833 816 863 cur
837 817 982 878 plura,
1005 832 1134 878 quam
1157 814 1270 861 nosti
1289 815 1306 862 ?
1342 816 1524 878 turpiter
1542 827 1617 863 aut

346 901 432 935 tam
465 888 681 952 negligens
710 905 780 944 es,
805 902 850 934 ut
874 904 965 933 non
997 885 1172 933 noveris
1201 887 1408 949 pauculos
1432 887 1614 943 servos;

345 975 417 1006 aut
434 974 522 1006 tam
546 959 786 1006 luxuriosus
801 995 814 1015 ,
835 973 882 1004 ut
904 959 1046 1020 plures
1069 958 1246 1013 habeas,
1267 974 1396 1020 quarn
1423 974 1614 1020 quorum

347 1032 525 1086 notitiae
552 1031 764 1077 memoria
798 1031 989 1077 sufficiat.
1026 1029 1262 1075 Adiuvabo
1296 1029 1614 1090 postmodum;

345 1103 546 1149 convicia
561 1138 574 1159 ‚
595 1115 636 1149 et
655 1104 776 1165 plura
802 1103 906 1148 mihi
929 1120 1058 1165 quam
1081 1115 1223 1164 putas,
1243 1102 1449 1148 obiiciam
1466 1119 1477 1148 ε
1497 1121 1614 1150 nunc

345 1178 431 1223 hoc
455 1177 731 1237 respondebo
765 1175 856 1221 tibi.
900 1176 1006 1221 Non
1035 1175 1124 1221 sum
1150 1175 1342 1237 sapiens,
1361 1186 1493 1232 et,ut
1523 1192 1614 1221 ma·-

343 1247 620 1294 levolentiam
658 1261 773 1292 tuam
808 1247 1004 1310 pascam,
1025 1264 1106 1293 nee
1137 1263 1228 1292 ero.
1258 1245 1399 1308 Exigo
1424 1247 1567 1309 itaque
1587 1263 1612 1293 a

342 1336 440 1376 me,
478 1337 568 1365 non
595 1334 643 1366 ut
676 1319 854 1382 optimis
883 1337 960 1382 par
988 1320 1064 1365 lim
1082 1356 1092 1369 ,
1119 1320 1189 1365 sed
1219 1333 1267 1364 ut
1293 1319 1413 1365 malis
1443 1319 1611 1369 melior.

341 1395 429 1440 hoc
465 1395 572 1439 mihi
600 1394 697 1440 satis
729 1393 816 1451 est,
848 1394 1048 1456 quotidie
1077 1393 1241 1455 aliquid
1272 1409 1324 1439 ex
1351 1392 1467 1439 vitiis
1502 1392 1609 1439 meis

341 1467 537 1521 demere,
556 1480 598 1512 et
615 1481 786 1512 errores
811 1481 935 1511 meos
959 1465 1201 1527 obiurgare.
1220 1464 1326 1510 Non
1347 1464 1529 1525 perveni
1554 1463 1609 1509 ad

339 1538 559 1584 sanitatem
575 1573 588 1595 ,
614 1555 667 1584 ne
690 1537 943 1600 perveniam
973 1538 1146 1600 quidem
1172 1554 1181 1582 :
1211 1536 1490 1583 delinimenta
1516 1553 1608 1582 ma-

339 1611 403 1674 gis
433 1627 562 1674 quam
589 1611 778 1657 remedia
810 1612 1027 1674 podagrae
1057 1626 1175 1656 meae
1205 1625 1434 1671 compono
1453 1644 1466 1662 ,
1495 1625 1610 1656 con·

339 1696 481 1729 tentus
503 1684 531 1729 si
554 1683 686 1730 »arius
713 1684 878 1731 accedit
894 1719 906 1738 ,
924 1699 966 1730 et
985 1682 1014 1730 fi
1035 1683 1174 1729 minus
1203 1672 1482 1728 verminatur.
1516 1685 1557 1727 V
1561 1698 1607 1728 e-

338 1753 430 1800 stris
448 1755 624 1816 quidem
646 1755 827 1816 pedibus
847 1768 1122 1818 comparatus
1135 1791 1146 1812 ‚
1166 1754 1316 1801 debilis
1335 1754 1483 1802 cursor
1498 1753 1605 1802 sum.

404 1829 566 1875 XVffl.
584 1830 702 1876 Haec
722 1846 811 1876 non
829 1846 913 1891 pro
930 1846 1001 1875 me
1018 1829 1203 1891 loquor:
1220 1844 1305 1890 ego
1318 1828 1436 1875 enirn
1455 1828 1500 1873 in
1515 1828 1602 1873 alto

338 1899 552 1947 vitiorum
580 1901 776 1947 omniurn
796 1901 886 1946 sum
906 1918 915 1945 ε
939 1900 1009 1946 sed
1026 1917 1107 1962 pro
1124 1900 1226 1957 illo,
1251 1899 1320 1946 cui
1340 1898 1504 1961 aliquid
1524 1899 1603 1945 affl

338 1972 411 2019 est.
440 1974 600 2028 Aliter,
626 1973 795 2035 inquit,
818 1972 1008 2034 loqueris
1029 1991 1038 2017 ε
1064 1971 1188 2018 aliter
1207 1971 1340 2018 vivis.
1369 1972 1492 2026 Hoc,
1511 1987 1604 2015 ma-

336 2045 562 2108 ligniffima
586 2044 747 2106 capita,
765 2061 808 2091 et
826 2044 1000 2106 optimo
1021 2044 1178 2107 cuique
1194 2044 1499 2099 inimicissima,
1518 2045 1604 2087 Pla·

336 2119 433 2166 toni
453 2117 670 2163 obiectum
689 2117 749 2163 est
765 2152 776 2173 ,
795 2116 1015 2163 obiedlum
1039 2117 1228 2180 Epicuro
1244 2149 1258 2171 ‚
1281 2116 1499 2163 obiecitum
1522 2117 1604 2161 Ze-

336 2191 456 2237 noni.
492 2192 659 2235 Omnes
689 2189 805 2236 enim
835 2189 901 2235 isti
929 2189 1159 2245 dicebant,
1193 2205 1284 2236 non
1310 2187 1600 2252 quemadmo-

337 2264 440 2309 dum
479 2261 556 2323 ipsi
590 2262 817 2319 viverent,
846 2261 917 2308 sed
951 2262 1323 2325 quemadmodum
1358 2259 1600 2309 vivendum

337 2336 453 2382 effer.
489 2336 562 2382 De
590 2336 773 2392 virtute,
799 2347 887 2381 non
912 2336 964 2382 de
997 2353 1064 2382 me
1089 2337 1250 2398 loquor
1268 2354 1279 2382 z
1299 2348 1340 2382 et
1366 2351 1462 2382 cum
1484 2332 1600 2379 vitiis

339 2409 590 2454 convicium
615 2409 727 2456 facio
747 2445 759 2466 ‚
782 2409 825 2454 in
852 2408 1001 2470 primis
1030 2410 1137 2456 meis
1162 2408 1292 2456 facio.
1317 2425 1417 2456 cum
1441 2418 1599 2469 potue-

336 2494 415 2537 ro,
431 2480 581 2529 vivam
599 2481 830 2544 quomodo
853 2492 1042 2543 oportet.
1062 2482 1155 2530 Nec
1175 2479 1413 2544 malignitas
1433 2495 1503 2525 me
1525 2475 1601 2524 ista
