1742 2967
279 169 369 218 252
480 157 562 217 t.
613 156 911 204 ANNAEI
962 157 1353 214 SENECAE,

274 260 490 325 Accipere
522 262 781 311 beneficium
818 280 900 311 nos
930 275 1137 327 oportet,
1168 265 1325 312 deinde
1360 264 1551 324 debere,

274 335 435 384 deinde
453 337 625 385 referre.
650 338 855 386 Debendi
876 339 1002 385 locus
1018 355 1110 386 non
1126 339 1187 387 est
1202 374 1215 395 ,
1233 339 1338 403 quia
1359 337 1446 385 fine
1464 339 1551 386 ulla

273 426 401 456 mora
412 410 675 474 ¹¹recipimus.
699 411 791 458 Dat
810 428 944 458 nemo
960 444 974 467 ‚
999 411 1076 458 nifi
1095 413 1246 459 alteri:
1271 413 1399 459 debet
1415 428 1550 458 nemo

270 482 348 529 nifi
373 483 523 531 alteri:
544 485 687 531 reddit
716 500 880 543 nemo,
912 486 989 531 nifi
1021 486 1157 534 alteri.
1191 487 1240 532 Id
1270 487 1383 532 intra
1411 501 1549 532 unum

272 571 363 600 non
390 556 533 618 potest
560 557 681 616 fieri,
705 559 829 620 quod
853 559 985 605 toties
1010 559 1124 606 duos
1149 558 1297 622 exigit.

323 630 383 676 X.
402 630 668 678 Beneficium
694 631 776 690 est,
792 631 1046 694 praestitisse
1066 632 1228 696 aliquid
1241 633 1404 680 utiliter
1419 650 1436 691 :-
1449 650 1550 680 ver-

269 701 375 748 bum
406 714 551 749 autem
586 704 869 760 praestitisse,
893 705 946 750 ad
977 705 1085 751 alios
1113 704 1283 768 spectat.
1320 706 1552 769 Numquid

269 791 364 820 non
389 775 568 824 demens
593 778 836 833 videbitur,
865 778 940 842 qui
963 776 1129 840 aliquid
1152 778 1393 825 vendidiss‘e
1416 778 1494 826 fibi
1511 779 1553 826 se

269 846 419 894 dicet?
445 848 548 911 quia
567 850 767 897 venditio
791 849 998 897 alienatio
1018 848 1101 910 est,
1120 860 1171 896 et.
1190 850 1253 896 rei
1273 850 1398 909 suae,
1424 850 1553 898 iuris·

270 934 361 983 que
391 920 437 967 in
466 937 515 969 ea
548 921 636 980 sui,
662 922 709 969 in
733 922 867 970 alium
892 922 1138 969 translatio.
1181 922 1321 985 Atqui
1341 925 1554 986 quemad-

270 993 457 1040 modum
486 995 714 1054 vendeoe,
744 995 802 1043 fic
833 996 936 1042 dare
970 989 1165 1058 aliquid,
1203 1012 1228 1041 a
1260 995 1301 1042 se
1335 996 1555 1048 dimittere

268 1068 362 1126 est,
390 1082 433 1116 et
464 1068 510 1115 id
537 1070 660 1132 quod
690 1071 881 1118 tenueris
897 1105 912 1127 ,
938 1070 1184 1121 habendum
1223 1071 1345 1117 alteri
1369 1072 1556 1120 tradere.

270 1143 412 1202 Quod
435 1143 466 1189 fi
493 1142 553 1190 est
570 1178 584 1202 ,
613 1138 879 1192 beneficium
911 1160 1045 1189 nemo
1073 1141 1151 1188 fibi
1177 1143 1297 1189 dedit
1319 1162 1330 1189 :
1353 1144 1454 1207 quia
1473 1162 1558 1192 ne-

271 1230 351 1261 mo
374 1215 448 1261 dat
471 1215 562 1262 fibi.
600 1217 783 1281 Alioqui
809 1218 902 1264 duo
929 1215 1152 1272 contraria
1172 1215 1218 1260 in
1245 1232 1338 1262 uno
1362 1218 1555 1273 coeunt,

273 1305 321 1338 ut
338 1290 454 1337 idem
478 1290 528 1338 fit
552 1293 678 1349 dare,
695 1303 739 1339 et
762 1292 973 1354 accipere.
1003 1291 1256 1338 Etiamnum
1281 1291 1469 1338 multum
1487 1292 1557 1338 in-

274 1363 405 1410 terest
421 1399 433 1422 ,
445 1364 555 1411 inter
572 1365 693 1421 dare,
713 1375 755 1410 et
767 1363 970 1426 ¹accipere
987 1382 998 1409 :
1019 1361 1204 1426 quidni?
1219 1379 1318 1408 cum
1333 1378 1387 1409 ex
1402 1363 1556 1411 diver-

273 1436 323 1483 so
342 1436 418 1482 ista
435 1436 571 1483 verba
598 1437 737 1498 pofita
760 1435 853 1483 fint.
882 1435 1004 1499 atqui
1031 1434 1062 1481 fi
1082 1434 1178 1497 quis
1196 1432 1274 1479 fibi
1291 1433 1555 1482 beneficium

273 1509 376 1565 dat,
401 1507 510 1553 nihil
537 1506 710 1554 interest
734 1508 846 1554 inter
868 1508 970 1554 dare
995 1520 1038 1564 et
1056 1505 1270 1568 accipere.
1300 1506 1437 1552 Paulo
1457 1518 1556 1553 ante

274 1581 473 1628 dicebam
488 1616 501 1638 ,
520 1581 731 1643 quaedam
754 1579 808 1625 ad
836 1579 942 1625 alios
962 1578 1205 1640 pertinere,
1221 1589 1265 1625 et
1284 1578 1340 1625 fic
1357 1578 1443 1625 effe
1460 1578 1556 1626 for·

276 1667 417 1706 mata,
442 1664 488 1698 ut
510 1664 603 1698 tota
638 1649 898 1714 significatio
937 1650 1112 1695 illorum
1141 1649 1333 1696 discedat
1363 1667 1388 1696 a
1415 1650 1559 1698 nobis.

277 1727 427 1770 Frater
449 1724 565 1779 sum,
586 1723 659 1770 sed
684 1723 873 1770 alterius.
901 1739 1036 1769 nemo
1055 1723 1115 1770 est
1142 1723 1260 1770 enim
1287 1723 1386 1771 suus
1410 1724 1558 1771 frater.

276 1797 361 1842 Par
389 1794 502 1849 sum,
528 1794 601 1842 sed
622 1793 781 1848 alicui3
815 1793 911 1856 quis
940 1793 1001 1839 est
1030 1794 1149 1842 enim
1181 1811 1258 1856 par
1277 1794 1390 1841 fibi?
1417 1795 1558 1855 Quod

276 1886 580 1934 comparatur,
599 1871 684 1917 fine
715 1870 854 1917 altero
879 1887 970 1917 non
993 1871 1279 1934 intelligitur:
1306 1872 1429 1934 quod
1453 1872 1556 1917 iun-

274 1942 417 2006 gitur,
436 1943 522 1988 sine
551 1943 689 1989 altero
715 1959 807 1988 non
828 1942 901 1989 est.
920 1943 990 1989 Sic
1015 1957 1059 1989 et
1079 1944 1202 2006 quod
1220 1945 1370 1999 datur,
1390 1944 1477 1990 fine
1496 1945 1558 1990 al-

279 2028 378 2063 tero
407 2033 498 2062 non
520 2014 610 2062 est:
638 2028 680 2062 et
703 2015 966 2062 beneficium
996 2015 1082 2062 stne
1110 2016 1248 2063 altero
1278 2033 1368 2062 non
1398 2016 1472 2065 est.
1509 2018 1558 2064 ld

280 2105 334 2136 ex
353 2089 449 2152 ipso
469 2089 693 2138 vocabulo
710 2102 906 2152 apparet,
919 2090 965 2135 in
981 2105 1073 2151 quo
1083 2090 1170 2136 hoc
1189 2090 1457 2145 continetur,
1476 2092 1553 2137 be-

280 2161 498 2209 nefeciffe.
540 2163 688 2209 Nemo
724 2175 867 2209 autem
900 2162 978 2209 fibi
1009 2162 1257 2221 benefacit,
1294 2180 1386 2210 non
1421 2164 1559 2226 magis

282 2252 414 2298 quam
439 2235 516 2281 fibi
539 2234 684 2293 favet,
713 2252 842 2298 quam
874 2236 1042 2282 suarum
1068 2236 1254 2298 partium
1281 2236 1355 2282 est.
1380 2236 1557 2283 Diutius

280 2308 369 2354 hoc
386 2320 428 2354 et
444 2308 638 2371 pluribus
655 2308 867 2370 exemplis
885 2308 988 2355 licet
1004 2309 1222 2371 prosequi.
1242 2308 1426 2371 quidni?
1453 2324 1556 2355 cum

281 2380 398 2427 inter
428 2399 477 2428 ea
501 2381 550 2427 fit
579 2382 825 2429 habendum
858 2380 1121 2427 beneficium
1139 2413 1154 2436 ‚
1181 2397 1291 2444 quae
1325 2379 1554 2426 secundam

284 2454 513 2515 personam
545 2455 798 2503 desiderant.
844 2455 1072 2522 Quaedam
1103 2471 1202 2502 cum
1239 2453 1320 2500 smt
1345 2452 1557 2510 honesta,
