1742 2967
310 218 371 250 ω
567 204 616 251 L.
658 203 958 248 ANNAEI
1009 199 1360 259 sssNecAE

306 324 488 374 uterque
509 310 613 358 licet
628 326 719 357 non
732 310 873 356 minus
893 309 1022 355 armis
1036 307 1234 353 valletur.
1259 304 1330 352 sed
1345 306 1452 353 alter
1465 321 1583 353 arma

304 384 440 431 habet
455 418 470 440 ‚
495 384 655 447 quibus
672 384 717 429 in
737 383 1059 429 munimentum
1079 381 1196 444 pacis
1216 380 1381 435 utitur3
1407 381 1511 426 alter
1535 391 1583 426 ut

305 472 470 519 magno
489 456 648 503 timore
672 471 826 518 magna
845 454 947 501 odia
966 453 1228 515 compescat.
1246 453 1340 499 Nec
1357 452 1448 499 illas
1468 452 1578 514 ipsas

274 591 278 596 .
306 544 481 586 manus,
495 528 657 591 quibus
671 527 712 574 se
727 527 948 574 commisit
963 560 975 581 ,
992 525 1165 572 securus
1180 524 1359 586 adspicit
1377 542 1387 570 :
1403 537 1583 571 contra-

305 598 381 645 riis
406 597 451 644 in
473 598 690 644 contraria
721 597 870 661 agitur.
896 612 996 642 nam
1014 610 1058 642 et
1079 595 1244 642 invisus
1265 594 1352 652 est,
1388 595 1488 657 quia
1524 594 1584 641 ti-

305 687 476 732 metur,
502 687 547 721 et
571 673 714 721 timeri
740 673 862 729 vult,
888 672 989 735 quia
1019 670 1183 718 invisus
1208 669 1268 716 est
1287 687 1298 715 ε
1318 683 1360 716 et
1379 670 1454 716 illo
1475 685 1582 716 exe-

303 746 455 795 crabili
479 746 632 805 versu,
667 745 743 809 qui
768 745 929 791 multos
955 743 1074 790 dedit
1102 743 1388 807 praecipites,
1413 743 1580 789 utitur:

471 855 652 901 Oderint
669 856 767 900 dum
791 868 990 900 metuant.
1009 878 1031 885 -—
1050 879 1070 888 -
1096 878 1120 887 =
1139 878 1161 887 -

304 962 482 1027 Ignarus
501 973 659 1026 quanta
681 960 818 1008 rabies
842 960 1025 1017 oriatur,
1043 959 1118 1006 ubi
1138 959 1263 1022 supra
1278 958 1460 1004 modum
1482 957 1584 1004 odia

303 1051 410 1089 etei.
416 1047 555 1080 erunt.
577 1034 866 1096 Temperatus
887 1032 1002 1078 enim
1023 1021 1157 1077 timor
1180 1031 1359 1078 cohibet
1385 1032 1583 1078 animos:

305 1107 438 1154 affidu
428 1123 492 1154 ius
514 1122 624 1153 vero
646 1121 690 1152 et
715 1121 837 1162 acer,
871 1116 916 1150 et
935 1115 1126 1149 extrema
1150 1103 1418 1158 admovens,
1451 1103 1495 1147 in
1516 1119 1585 1148 au·

306 1179 476 1225 daciam
504 1178 690 1224 iacentes
720 1177 912 1236 excitat,
943 1187 986 1223 et
1016 1176 1168 1222 omnia
1198 1173 1387 1236 experiri
1423 1174 1585 1223 suadet.

306 1251 376 1297 Sic
404 1250 514 1296 feras
539 1250 661 1295 lineis
689 1261 733 1296 et
763 1249 894 1311 pinna
923 1244 1056 1296 clusa's
1080 1247 1332 1293 contineas:
1364 1248 1536 1294 easdem
1561 1264 1586 1294 a

306 1338 434 1385 tergo
452 1338 586 1384 eques
610 1320 705 1368 telis
731 1320 910 1367 incessat
931 1337 942 1365 t
968 1320 1196 1366 tentabunt
1222 1316 1370 1379 fugam
1393 1334 1470 1380 per
1495 1318 1585 1381 ipsa

308 1411 420 1458 quae
441 1393 670 1458 fugerant,
697 1393 1102 1456 proculcabuntque
1127 1391 1428 1439 formidinem.
1455 1396 1584 1440 Acer-³

308 1470 416 1516 rima
450 1469 588 1517 virtus
624 1467 712 1527 est,
754 1484 888 1532 quarn
930 1467 1080 1514 ultima
1120 1466 1342 1512 neceffitas
1373 1467 1585 1516 extundit.

310 1542 541 1604 Relinquat
578 1553 757 1604 oportet
783 1539 922 1588 securi
957 1539 1120 1602 aliquid
1150 1553 1320 1595 metus,
1356 1540 1586 1603 multoque

309 1615 406 1678 plus
431 1614 520 1677 spei
552 1631 686 1678 quam
720 1613 1019 1676 periculorum
1049 1611 1265 1659 ostentet:
1285 1612 1481 1674 alioquin
1509 1614 1586 1661 ubi

309 1687 545 1751 quiescenti
565 1687 685 1751 paria
704 1698 981 1741 metuuntur,
1002 1686 1224 1733 incurrere
1244 1685 1288 1731 in
1307 1686 1500 1748 pericula
1518 1687 1586 1734 iu-

310 1772 411 1815 vat,
435 1776 479 1808 et
501 1760 638 1807 aliena
652 1759 795 1807 anima
819 1759 950 1806 abuti.
975 1759 1154 1806 Placido
1173 1759 1498 1823 tranquilloque
1515 1776 1586 1807 re*-

308 1831 353 1896 gi
382 1831 468 1878 fida
496 1832 591 1879 sunt
614 1831 770 1879 auxilia
801 1830 874 1879 sua
891 1864 905 1886 ,
935 1831 1095 1894 quibus
1121 1829 1175 1875 ad
1208 1846 1493 1883 communem
1519 1831 1584 1878 sa-

310 1905 448 1951 lutem
468 1894 610 1952 utatur
630 1904 960 1969 :gloriosusque
984 1903 1108 1951 miles
1139 1901 1366 1965 (publicae
1383 1903 1499 1949 enim
1517 1904 1584 1951 se-
1648 1934 1650 1941 x

313 1978 488 2025 curitati
517 1980 619 2027 dare
649 1995 829 2042 operam
858 1977 1066 2042 videtur)
1101 1992 1281 2024 omnem
1309 1976 1505 2022 laborem
1530 1976 1586 2022 li-

313 2047 421 2097 bens
451 2050 636 2113 patitur,
666 2063 715 2097 ut
742 2050 929 2114 parentis
957 2049 1114 2097 custos.
1143 2051 1204 2095 At
1229 2048 1352 2094 illum
1379 2049 1586 2095 acerbum

313 2136 357 2171 et
381 2125 697 2188 sanguinarium
719 2124 888 2172 neceffe
915 2123 976 2171 est
1009 2135 1243 2188 graventur
1264 2122 1491 2184 stipatores
1511 2122 1586 2169 sui.

380 2197 500 2243 X111.
526 2199 629 2245 Non
647 2198 788 2261 potest
800 2198 959 2245 habere
982 2197 1213 2260 quisquam
1239 2196 1383 2242 bonae
1402 2212 1453 2242 ac
1474 2194 1586 2243 fidae

316 2271 553 2317 voluntatis
569 2271 787 2319 ministros
800 2307 815 2332 ‚
839 2271 995 2335 quibus
1010 2271 1056 2316 in
1076 2269 1330 2325 tormentis,
1348 2279 1390 2315 et
1404 2267 1556 2314 eculeo
1570 2302 1587 2326 ‚

310 2357 360 2391 et
385 2344 658 2394 ferramentis
677 2347 732 2393 ad
749 2358 941 2393 mortem
960 2344 1118 2408 paratis
1141 2344 1298 2398 utitur,
1317 2342 1476 2406 quibus
1492 2357 1585 2388 non

317 2417 439 2464 aliter
473 2436 603 2481 quam
634 2418 779 2466 bestiis
807 2418 1007 2465 homines
1041 2416 1258 2463 obiectat:
1287 2414 1495 2461 omnibus
1523 2414 1588 2477 gei

284 2485 286 2487 ’
315 2491 542 2538 obnoxior
571 2509 620 2540 ac
646 2490 886 2548 solicitior,
908 2505 956 2538 ut
977 2489 1054 2554 qui
1081 2489 1282 2536 homines
1299 2488 1492 2551 deosque
1519 2501 1587 2534 tec·
