1742 2967
394 180 493 227 DE
544 178 968 225 BENEFICIIS
1021 179 1149 227 LIB.
1199 182 1267 228 111.
1388 182 1475 246 189

200 282 301 352 ipffs
327 285 527 334 vitalibus
549 284 803 332 fundentem
819 321 831 341 ,
865 299 909 333 et
934 298 982 334 ut
1004 287 1075 333 ille
1100 286 1336 350 effugiendi
1363 301 1478 336 tem-

198 379 280 424 pus
313 360 468 407 habeat
487 395 500 416 ,
529 376 702 406 moram
735 359 806 406 sua
838 372 982 408 morte
1012 374 1295 424 quaerentem
1322 380 1333 408 t
1360 363 1480 411 hunc

199 446 246 480 tu
279 431 453 497 negabis
487 430 751 479 beneficium
791 432 976 492 dedisse,
1006 433 1107 497 quia
1140 435 1287 482 servus
1315 435 1405 482 est?
1435 438 1480 485 Si

197 506 277 554 tibi
309 505 543 554 ostendero
571 505 788 567 aliquem,
825 521 873 553 ut
903 505 1063 553 secreta
1097 507 1268 553 domini
1298 510 1480 570 prodat,

196 578 312 624 nulla
335 576 513 641 tyranni
542 576 858 638 pollicitatione
883 591 1140 641 corruptum
1156 614 1170 637 ,
1198 579 1325 626 nullis
1352 581 1481 628 terri-

195 661 289 696 tum
309 650 461 705 minis,
483 649 608 697 nullis
633 649 898 698 cruciatibus
917 652 1106 710 viffixm,
1125 652 1326 700 avertisse
1344 671 1481 717 quan-

196 734 289 768 tum
317 723 537 786 potuerit,
562 723 827 786 suspiciones
859 725 1132 787 quaerentis,
1152 738 1194 771 et
1224 726 1482 788 impendisse

196 792 393 856 spiritum
420 794 524 842 fidei
552 795 698 842 :hunc
724 808 771 842 tu
798 795 974 859 negabis
1003 795 1265 844 beneficium
1296 799 1482 847 domino

195 866 380 925 dediffe,
407 867 508 931 quia
534 866 682 915 servus
711 866 803 915 est?
836 867 951 914 Vide
979 884 1032 914 ne
1054 884 1110 915 eo
1135 868 1271 915 maius
1291 869 1339 916 fit
1356 907 1368 928 ,
1389 888 1483 934 quo

193 938 333 986 rarius
359 939 419 986 est
448 941 700 1003 exemplum
735 939 907 988 virtutis
932 940 978 986 in
1010 939 1176 996 servis;
1208 958 1353 1005 eoque
1380 961 1482 1006 gra-

195 1011 308 1071 tius,
337 1013 465 1076 quod
493 1030 594 1059 cum
628 1012 719 1060 fere
754 1011 893 1060 invisa
920 1013 1103 1075 imperia
1134 1013 1239 1070 sint,
1266 1026 1309 1061 et
1337 1016 1484 1064 omnis

194 1085 417 1133 neceffitas
463 1087 636 1150 gravis,
680 1103 917 1134 commune
964 1086 1181 1136 servitutis
1216 1088 1367 1136 odium
1392 1126 1404 1147 ‚
1436 1090 1484 1137 in

194 1159 343 1223 aliquo
369 1159 540 1206 domini
559 1160 711 1208 caritas
739 1160 864 1206 vicit.
895 1162 954 1205 Ita
973 1176 1063 1206 non
1091 1161 1192 1208 ideo
1220 1162 1482 1210 beneficium

197 1248 290 1278 non
318 1231 406 1289 est,
432 1232 532 1296 quia
553 1250 576 1279 a
602 1233 731 1281 servo
761 1232 1006 1295 profeffiim
1032 1232 1093 1280 est
1117 1252 1126 1279 :
1149 1234 1220 1280 sed
1252 1235 1352 1282 ideo
1384 1253 1482 1282 ma-

195 1303 296 1363 ius,
334 1305 434 1367 quia
481 1306 698 1353 deterrere
741 1307 794 1352 ab
831 1305 909 1352 illo
950 1322 1032 1353 nec
1071 1305 1254 1354 servitus
1298 1308 1482 1372 quidem

196 1378 377 1442 potuit?

258 1454 371 1500 XX.
408 1453 556 1511 Errat,
586 1451 615 1498 fi
638 1452 734 1514 quis
757 1451 971 1498 existimat
992 1451 1245 1499 servitutem
1269 1453 1313 1498 in
1333 1466 1478 1500 totum

194 1526 424 1573 hominem
456 1527 716 1574 descendere
739 1543 749 1572 :
774 1542 871 1589 pars
900 1524 1058 1572 melior
1084 1525 1176 1572 eius
1206 1541 1388 1588 excepta
1408 1526 1480 1573 est.

195 1602 401 1662 Corpora
434 1600 632 1646 obnoxia
654 1600 779 1657 sunt,
800 1612 843 1645 et
873 1597 1087 1661 adscripta
1116 1599 1337 1646 dominis:
1361 1617 1482 1647 mens

196 1675 374 1738 quidem
400 1674 463 1720 sui
483 1673 600 1720 iuris.
627 1689 739 1735 quae
768 1672 880 1718 adeo
905 1671 1040 1717 libera
1064 1685 1106 1718 et
1125 1687 1233 1734 vaga
1255 1671 1338 1729 est,
1358 1685 1406 1718 ut
1425 1690 1482 1719 ne

195 1748 249 1793 ab
275 1748 361 1794 hoc
388 1747 566 1810 quidem
596 1761 768 1792 carcere
797 1743 866 1790 cui
897 1743 1061 1789 inclusa
1087 1743 1175 1801 est,
1206 1744 1342 1790 teneri
1372 1760 1481 1806 que—

195 1834 270 1878 at,
302 1838 394 1885 quo
425 1822 569 1867 minus
587 1820 753 1881 impetu
776 1817 855 1864 suo
880 1830 1050 1875 utatur,
1069 1830 1112 1863 et
1138 1817 1329 1881 ingentia
1355 1833 1480 1880 agat,

196 1907 241 1942 et
269 1896 314 1941 in
331 1894 550 1942 infinitum
581 1910 733 1940 comes
758 1892 1016 1938 coelestibus
1033 1903 1167 1937 exeat.
1196 1892 1373 1953 Corpus
1396 1891 1478 1936 ita-

197 1985 286 2030 que
304 1969 391 2023 est,
416 1968 536 2031 quod
555 1966 741 2013 domino
765 1965 945 2011 fortuna
962 1964 1155 2010 tradidit.
1176 1964 1277 2010 Hoc
1300 1963 1479 2019 emitur,

196 2042 285 2088 hoc
301 2042 527 2088 venditur:
550 2040 731 2087 interior
745 2039 813 2086 illa
830 2056 928 2102 pars
951 2039 1174 2101 mancipio
1194 2038 1283 2084 dari
1300 2055 1388 2083 non
1405 2054 1480 2099 po·

198 2113 290 2159 test.
325 2115 391 2159 Ab
415 2114 494 2159 hac
513 2113 731 2177 quidquid
754 2114 905 2168 venit,
934 2112 1117 2158 liberum
1140 2111 1212 2158 est.
1246 2129 1335 2156 non
1362 2112 1478 2157 enim

197 2197 272 2230 aut
289 2200 372 2231 nos
393 2186 545 2231 omnia
575 2186 726 2232 iubere
753 2184 1004 2246 possumus,
1031 2200 1105 2229 aut
1132 2184 1175 2229 in
1209 2184 1357 2228 omnia
1387 2183 1478 2229 ser-

196 2258 245 2305 vi
275 2275 430 2320 parere
457 2272 676 2322 coguntur
702 2276 712 2304 :
745 2271 898 2304 contra
928 2258 1240 2319 rempublicam
1268 2256 1478 2318 imperata

194 2345 287 2375 non
318 2329 498 2386 facient,
532 2330 637 2375 nulli
662 2330 810 2375 sceleri
843 2347 996 2376 mamis
1014 2329 1377 2375 commodabunt.

263 2403 392 2447 XXI.
428 2404 660 2463 Quaedam
685 2403 779 2448 sunt
806 2419 916 2465 quae
943 2404 1058 2466 leges
1093 2420 1170 2448 nec
1191 2403 1366 2456 iubent,
1397 2416 1477 2447 nec

198 2487 349 2522 vetant
365 2474 509 2523 facere
527 2493 538 2523 :
557 2477 603 2523 in
623 2475 688 2523 his
707 2474 858 2525 servus
873 2476 1098 2525 materiam
1116 2475 1320 2525 beneficii
1332 2474 1476 2524 habet.
