1742 2967
360 157 460 204 DE
503 157 926 206 BENEF1C118
977 161 1110 209 Llss.
1158 164 1250 209 vu.
1357 178 1441 226 325

171 260 204 308 fi
219 261 416 325 recipere
443 278 540 310 non
555 264 729 326 poterit.
756 265 964 328 Obligare
982 267 1102 313 enim
1132 283 1220 313 non
1241 269 1410 329 poffum
1430 304 1446 324 ,

173 335 248 384 nifi
269 335 553 397 accipientem
574 354 584 383 ε
605 337 775 383 liberari
802 346 964 384 tantum
983 371 996 393 ,
1024 339 1055 384 fi
1076 339 1213 386 reddo
1229 376 1241 396 ‚
1263 341 1448 403 possum.

173 405 247 453 llle
265 407 328 453 uti
350 405 428 453 illo
445 424 536 454 non
556 408 752 470 poterit?
773 409 944 457 viderit.
961 427 1092 473 penes
1111 410 1231 458 ilium
1251 413 1330 458 erLt
1350 413 1444 459 cul-

172 493 226 540 pa
241 509 259 531 ,
275 493 366 523 non
387 494 521 538 penes
537 495 620 526 me.

238 550 365 596 X1X.
393 550 592 597 Reddere
625 550 715 608 est,
745 551 887 614 inquit
903 585 923 608 ,.
947 564 1182 615 accepturo
1217 554 1448 602 tradidisse.

176 622 298 684 Quid
323 622 437 670 enim
457 623 486 668 fi
505 623 574 670 cui
595 624 747 672 vinum
767 625 949 683 debeas,
969 638 1010 671 et
1026 627 1111 672 hoc
1131 627 1202 672 ille
1220 627 1448 675 infundere

174 695 358 745 reticulo
382 696 548 754 iubeat,
577 709 648 742 aut
677 697 822 743 cribro
849 715 860 744 :
891 698 1118 744 reddidisse
1139 713 1180 744 te
1203 698 1318 744 dices
1335 731 1355 752 ‚.
1380 711 1451 745 aut

174 768 354 818 reddere
378 769 524 826 voles,
553 770 674 833 quod
702 765 806 815 duni
841 770 1063 827 redditur,
1087 770 1196 815 inter
1227 770 1336 816 duos
1366 787 1446 831 pe-

174 841 302 888 reat?
333 841 531 888 Reddere
547 878 560 899 ,
578 843 638 889 est
659 843 703 888 id
722 843 844 905 quod
866 843 1042 900 debeas,
1060 842 1097 887 ei
1119 842 1237 889 cuius
1255 842 1314 888 est
1329 879 1342 899 ,
1361 860 1449 892 vo·

172 913 278 960 lenti
299 914 413 960 dare.
444 914 529 960 hoc
559 931 692 962 unum
720 915 827 960 mihi
848 914 1143 977 praestandum
1165 914 1238 961 est.
1259 917 1320 961 Ut
1350 915 1454 977 qui-

174 986 273 1033 dem
305 987 458 1033 habeat
475 1022 488 1044 ,
517 987 640 1049 quod
674 1004 697 1034 a
722 1003 792 1033 me
814 987 1010 1049 accepit,
1035 987 1119 1033 iam
1151 988 1366 1033 ulterioris
1391 987 1454 1034 est.

175 1075 317 1106 curae.
337 1059 442 1104 Non
463 1058 640 1105 tutelam
663 1059 725 1105 illi
740 1091 754 1111 ‚
782 1059 848 1105 sed
876 1058 1004 1105 fidem
1028 1060 1197 1106 debeo:
1224 1062 1458 1124 multoque

176 1129 303 1176 satius
322 1129 381 1175 est
399 1165 411 1186 ‚
443 1129 560 1176 illum
587 1147 679 1179 non
698 1131 857 1176 habere
872 1167 884 1186 ,
904 1147 1033 1193 quam
1056 1149 1125 1178 me
1145 1149 1233 1178 non
1252 1134 1453 1179 reddere.

179 1205 234 1251 Et
262 1202 468 1249 creditori
495 1202 636 1249 statim
662 1204 706 1250 in
736 1204 960 1250 macellum
986 1205 1154 1261 iamro,
1179 1207 1300 1268 quod
1332 1223 1453 1252 acce-

178 1274 315 1337 perit,
340 1275 535 1321 reddam.
568 1275 703 1323 etiam
731 1276 765 1324 fi
782 1275 887 1321 mihi
908 1276 1171 1333 aduiteram,
1203 1277 1269 1322 cui
1296 1295 1454 1323 mime-

177 1362 270 1393 rem
286 1381 298 1403 ,
326 1347 591 1409 delegaverit
610 1383 622 1405 ,
646 1348 809 1394 solvam
834 1366 843 1394 z
863 1363 904 1392 et
926 1346 956 1395 {j
976 1363 1179 1393 nummos
1197 1363 1307 1409 quos
1334 1348 1452 1394 acci-

181 1420 293 1483 piet,
323 1420 366 1467 in
397 1419 535 1468 finum
563 1421 684 1469 suum
716 1420 941 1469 discinssus
965 1419 1145 1478 fundet,
1177 1421 1301 1468 dabo.
1333 1423 1456 1466 Red-

179 1493 368 1541 dendum
389 1493 505 1539 enim
533 1493 640 1539 mihi
670 1493 729 1539 est
745 1529 758 1549 ,
776 1510 864 1538 non
888 1492 1173 1551 servandum,
1192 1510 1289 1540 cum
1311 1494 1456 1540 reddi-

178 1566 325 1623 dero,
356 1578 430 1612 aut
463 1567 687 1613 tuendum.
722 1563 926 1612 Beneficii
952 1565 1146 1627 accepti,
1176 1582 1264 1611 non
1297 1565 1455 1612 redditi
1526 1584 1533 1594 ³

181 1637 422 1686 custodiam
440 1638 593 1685 debeo·
623 1640 744 1684 Dum
772 1637 885 1697 apud
909 1652 976 1681 me
997 1635 1056 1680 est
1072 1669 1085 1690 ‚
1107 1637 1270 1682 salvum
1297 1635 1358 1682 fit.
1378 1652 1453 1682 ce-

183 1708 324 1758 terum
348 1711 448 1757 licet
474 1710 725 1774 accipientis
752 1709 946 1759 manibus
975 1710 1117 1757 effluat
1137 1745 1149 1766 ,
1177 1709 1364 1755 dandum
1397 1707 1456 1754 est

182 1784 449 1845 reposcenti,
484 1784 679 1835 Reddam
716 1784 867 1840 bono,
908 1799 1006 1828 cum
1042 1782 1275 1844 expediet3
1310 1780 1458 1838 malo,

185 1874 286 1905 cum
314 1869 442 1919 peter.
469 1857 578 1904 Tale
595 1893 607 1914 ,
633 1856 800 1919 inquit,
821 1854 1081 1903 beneficium
1098 1890 1110 1913 ,
1141 1854 1265 1917 quale
1284 1854 1455 1916 accepi-

184 1929 258 1986 sti,
286 1946 376 1976 non
391 1928 449 1977 illi
468 1942 592 1991 potes
610 1930 804 1977 reddere.
827 1926 1042 1989 Accepisti
1068 1926 1183 1973 enim
1204 1941 1226 1971 a
1245 1925 1456 1986 sapiente:
1486 1943 1491 1948 ·

183 2003 314 2052 stulto
339 2002 495 2049 reddis.
528 2004 646 2049 Non.
678 2001 816 2048 reddo
835 2000 923 2057 illi,
945 2000 1071 2063 quale
1091 2016 1202 2046 nunc
1224 1998 1362 2061 potest
1385 2016 1458 2044 ac·
1485 2004 1490 2006 '

185 2077 330 2138 cipere
351 2093 362 2120 z
384 2092 463 2124 nec
483 2091 558 2138 per
584 2093 653 2123 me
672 2074 721 2124 fit
742 2074 860 2137 quod
892 2073 1078 2120 deterius
1093 2109 1104 2129 ‚
1133 2073 1205 2120 sed
1228 2090 1306 2135 per
1326 2073 1460 2120 ilium,

183 2149 229 2198 id
253 2148 374 2211 quod
401 2147 580 2210 accepi,
605 2147 798 2195 reddam.
836 2146 919 2194 Cui
935 2178 957 2201 ,v
982 2145 1011 2190 fi
1041 2145 1095 2191 ad
1121 2143 1367 2206 sapientiam
1394 2162 1462 2191 re-

187 2222 336 2276 dierit,
362 2221 538 2268 reddam
565 2220 688 2283 quale
707 2218 855 2280 accepi
883 2235 893 2265 :
923 2219 1026 2265 dum
1049 2217 1092 2263 in
1113 2216 1236 2263 maiis
1261 2217 1343 2267 est,
1364 2218 1461 2264 red-

184 2295 284 2340 dam
309 2293 434 2356 quale
453 2293 506 2340 ab
528 2292 603 2339 ‘1110
630 2290 769 2354 potest
790 2290 942 2352 accipi.
960 2289 1106 2350 Quid,
1129 2289 1296 2351 inquit,
1318 2289 1347 2334 fi
1371 2306 1462 2334 non

183 2379 349 2413 tantum
385 2366 521 2412 malus
553 2365 689 2411 fadus
721 2363 804 2417 est,
842 2364 913 2409 sed
946 2362 1087 2417 ferus,
1119 2361 1188 2408 sed
1223 2362 1425 2407 immanis
1448 2397 1464 2419 ,

182 2441 322 2508 qualis
346 2441 663 2511 Apollodorus,
679 2454 750 2488 aut
770 2437 955 2487 Phalaris
970 2448 1037 2485 :et
1055 2434 1464 2546 h'xineneficium,

1218 2531 1239 2563 f)
