1742 2967
275 232 335 293 36
458 224 546 276 ἰ.
597 228 887 274 ANNAEI
937 225 1294 275 SENECAE

272 332 357 379 bat.
393 332 558 381 Invitus
585 332 728 380 invito
755 349 853 379 cum
889 333 1082 379 chartam
1110 331 1376 395 protulisset,
1405 329 1550 379 trade*

273 422 451 473 retque‚
484 405 730 453 exclamasti
751 442 764 463 ‚
797 406 971 452 Vellem
999 405 1161 451 nescire
1192 405 1350 450 [πει-33.
1386 406 1431 450 Ο
1456 406 1551 468 dig-

273 500 371 531 nam
390 498 550 532 vocem
566 518 579 540 ‚
596 496 726 544 quam
745 480 943 526 audirent
961 495 1115 525 omnes
1131 492 1277 542 gentes
1290 514 1302 533 ,
1323 496 1434 540 quae
1454 482 1551 525 Ro-

275 575 453 607 manum
488 555 718 618 imperium
757 553 989 609 incolunt,
1028 566 1228 614 quaeque
1264 550 1380 595 iuxta
1411 551 1554 596 iacent

272 631 429 679 dubiae
454 627 688 681 libertatis,
711 642 914 690 quaeque
940 624 980 670 se
1001 635 1154 670 contra
1183 620 1347 668 viribus
1372 634 1443 667 aut
1462 621 1553 667 ani-

276 704 358 752 mis
398 699 617 749 attolunt!
656 699 701 745 O
736 715 925 754 vocem,
962 698 1007 743 in
1043 695 1312 744 concionem
1349 695 1552 742 omnium

274 775 526 823 mortalium
554 771 835 829 mittendam,
860 772 903 817 in
931 770 1053 818 cuius
1079 768 1210 814 verba
1239 769 1553 830 Principes-re-

276 866 437 913 gesque
468 844 638 894 iurent!
681 847 725 891 O
764 861 922 892 vocem
962 841 1133 905 publica
1168 841 1339 904 generis
1375 842 1553 888 humani

276 919 530 968 innocentia
564 918 767 981 dignam,
801 916 870 963 cu'r
903 916 1157 961 redderetur
1188 913 1415 976 antiquum
1450 914 1554 960 illud

278 989 498 1040 seculum!
525 991 658 1036 Nunc
675 987 893 1055 ιριόΐεξὶο
925 986 1173 1033 consentire
1200 986 1382 1032 decebat
1410 986 1464 1032 ad
1485 1003 1557 1032 ae-

249 1081 412 1127 ‹quum
444 1064 727 1124 bonumque,
760 1059 934 1122 expulsa
966 1059 1092 1104 alieni
1125 1058 1359 1119 cupidine,
1390 1075 1445 1104 ex
1473 1076 1557 1122 qua

278 1153 413 1184 omne
443 1134 575 1181 animi
605 1135 765 1179 malum
797 1133 938 1178 oritur
965 1149 976 1176 ε
1004 1132 1209 1194 pietatem
1243 1132 1557 1195 integritatem-

278 1227 365 1273 que
396 1224 496 1255 cum
521 1205 609 1253 fide
639 1223 689 1253 ae
720 1203 935 1251 modestia
965 1202 1222 1265 resurgere:
1255 1215 1296 1249 et
1329 1205 1431 1250 vitia
1463 1205 1558 1252 diu-

279 1297 414 1329 turno
445 1281 573 1328 abusa
601 1297 742 1344 regno
769 1315 783 1339 ,
815 1278 990 1326 tandem
1026 1276 1141 1324 felici
1175 1293 1224 1323 ac
1257 1295 1372 1341 puro
1413 1279 1558 1328 seculo

279 1357 381 1403 dare
406 1356 571 1401 locum.

349 1430 399 1475 11.
437 1430 651 1474 Futurum
676 1427 789 1482 hoc,
822 1427 1008 1483 Caesar,
1038 1443 1092 1474 ex
1128 1442 1282 1489 magna
1311 1438 1431 1488 parte
1462 1425 1559 1490 spe-

283 1517 378 1546 rare
410 1514 453 1546 et
488 1498 689 1546 confiteri
718 1500 835 1546 libet.
861 1501 1054 1546 tradetur
1080 1499 1157 1546 ista
1183 1499 1320 1547 animi
1352 1499 1415 1544 tui
1436 1516 1560 1546 man-

283 1574 493 1631 suetudo,
526 1572 884 1636 diffundeturque
912 1575 1118 1635 paulatim
1150 1590 1228 1635 per
1257 1589 1391 1619 omne
1417 1574 1561 1636 impe-

284 1647 336 1693 rii
357 1662 543 1707 corpus,
567 1659 610 1691 et
630 1645 781 1692 cun&a
802 1646 846 1691 in
867 1645 1187 1691 fimilitudinem
1207 1644 1270 1691 tui
1296 1644 1562 1692 formabun-

285 1730 368 1764 tur.
400 1722 435 1763 A
457 1718 597 1780 capite
618 1718 734 1764 bona
759 1718 979 1765 valetudo.
1008 1719 1110 1765 inde
1128 1717 1276 1764 omnia
1298 1731 1449 1781 vegeta
1469 1718 1563 1766 sunt

286 1808 416 1855 atque
449 1792 612 1849 erefi'm,
644 1804 718 1838 aut
739 1792 949 1855 languore
983 1791 1161 1838 demissa
1190 1808 1201 1836 ε
1229 1803 1362 1853 prout
1388 1792 1562 1839 animus

288 1882 444 1911 eorum
466 1864 604 1920 vivit,
626 1878 699 1911 aut
723 1878 900 1912 marcet.
923 1868 977 1911 Et
995 1879 1121 1913 erunt
1137 1866 1258 1912 cives
1273 1900 1284 1922 ‚
1313 1879 1440 1912 erunt
1456 1866 1563 1913 socii

289 1936 411 1998 digni
439 1936 518 1982 hac
543 1935 738 1982 bonitate
759 1954 770 1982 t
791 1949 834 1983 et
860 1938 904 1983 in
933 1950 1077 1984 totum
1103 1938 1260 1986 orbem
1288 1939 1393 1984 reffi
1418 1957 1566 1987 mores

291 2020 578 2055 revertentur.
609 2021 814 2070 parcetur
831 2009 994 2073 ubique
1026 2010 1224 2057 manibus
1253 2011 1352 2057 tuis.
1385 2012 1565 2059 Diutius

291 2097 362 2127 me
385 2077 545 2124 irrorari
571 2080 643 2125 hic
665 2095 810 2142 patere
826 2117 838 2138 ‚
869 2097 959 2126 non
978 2095 1025 2127 ut
1050 2082 1245 2128 blandiar
1264 2083 1564 2131 auribustuis:

291 2169 370 2199 nec
397 2151 514 2196 enirn
543 2150 651 2196 mihi
679 2152 749 2198 hic
779 2168 877 2198 mos
903 2151 977 2198 est.
1014 2152 1239 2199 maluerim
1272 2155 1389 2201 veris
1418 2155 1566 2201 offen-

293 2228 422 2281 dere,
448 2241 577 2288 quam
605 2225 775 2286 placere
804 2227 1034 2274 adulando.
1063 2227 1174 2290 quid
1199 2244 1306 2291 ergo
1324 2228 1418 2275 est?
1449 2246 1568 2292 prae·

293 2311 359 2344 ter
384 2298 428 2343 id
453 2298 573 2359 quod
604 2299 712 2347 bene
732 2297 851 2345 saeris
878 2300 1088 2363 diffisque
1108 2300 1191 2347 tuis
1218 2319 1348 2365 quam
1376 2302 1563 2348 familia-

295 2368 503 2413 riffimum
528 2368 612 2415 effe
631 2385 674 2414 te
699 2371 832 2432 cupio
849 2406 862 2425 ,
880 2384 927 2416 ut
953 2372 1074 2433 quod
1102 2389 1220 2418 nunc
1247 2388 1396 2420 natura
1420 2386 1463 2420 et
1479 2375 1566 2420 im-

296 2453 420 2501 petus
450 2440 535 2497 est,
574 2441 648 2489 fiat
682 2442 918 2500 iudicium3
954 2444 1058 2490 illud
1093 2462 1271 2492 mecum
1306 2447 1566 2501 confidem,

297 2512 453 2560 multas
470 2529 608 2562 voces
624 2531 798 2580 magnas
808 2516 911 2575 ,sed
933 2515 1201 2566 detestabiles
1215 2553 1229 2578 ‚
1254 2517 1300 2565 in
1325 2518 1460 2569 vitam
1487 2519 1565 2565 hu‹
