1742 2967
261 185 353 231 230
484 173 532 217 L.
579 171 887 217 ANNAEI
937 170 1305 218 SENECAE

256 277 361 323 illud
380 278 503 341 quod
521 277 688 324 iudicio
710 293 810 322 meo
833 277 888 322 ad
907 277 1094 339 aliquem
1121 278 1353 340 pervenire
1372 278 1530 339 debet.

255 350 297 397 ei
314 367 443 411 quem
466 351 682 412 ingratum
703 348 831 394 sciam
846 383 858 403 ,
878 365 969 394 non
986 349 1114 395 dabo.

320 423 495 468 XXIX.
530 424 649 484 Ergo
668 456 681 478 ‚
711 421 876 484 inquit,
907 438 988 467 nec
1019 420 1243 467 confilium
1277 419 1532 468 deliberanti

255 496 378 543 dabis
409 496 584 558 ingrato
603 530 615 552 ‚
648 511 728 541 nec
759 511 914 556 aquam
952 493 1128 539 haurire
1164 493 1417 555 permittes,
1453 510 1532 541 nec

253 570 372 616 viam
407 567 568 614 erranti
606 565 898 613 monstrabis?
931 583 983 612 an
1016 567 1122 613 haec
1157 566 1332 628 quidem
1367 565 1533 624 facies,

252 643 324 689 sed
357 641 466 687 nihil
496 639 709 686 donabis?
742 640 1015 704 Distinguam
1045 639 1186 685 istud:
1209 653 1324 685 certe
1352 639 1532 684 tentabo

253 715 534 777 distinguere.
578 710 844 758 Beneficium
886 712 946 757 est
977 729 1113 774 opera
1146 711 1297 757 utilis:
1335 710 1531 757 sednon

251 789 398 836 omnis
435 803 568 849 opera
593 785 709 831 utilis
744 783 1006 831 beneficium
1035 785 1109 831 est.
1147 783 1378 844 Quaedam
1413 783 1531 828 enim

252 880 343 910 tam
363 863 518 926 exigua
545 861 667 916 sunt,
686 873 735 906 ut
766 859 967 905 beneficii
990 875 1153 904 nomen
1180 875 1270 903 non
1297 838 1532 919 οέὲιιρεηῐ.

250 936 382 982 Duae
401 952 469 981 res
485 934 606 980 coire
621 934 799 987 debent,
813 949 921 995 quae
941 931 1201 978 beneficium
1219 930 1417 976 efficiant.
1437 930 1533 974 Pri-

253 1019 401 1064 mum,
430 1007 493 1053 rei
518 1005 774 1068 magnitudo
795 1021 805 1050 ε
827 1005 1042 1066 quaedam
1065 1004 1180 1049 enim
1203 1003 1297 1048 sunt
1322 1001 1428 1047 infra
1449 1001 1532 1047 hu·-

252 1081 318 1126 ius
338 1079 531 1126 nominis
556 1078 816 1123 mensuram.
843 1077 955 1134 Quis
987 1074 1245 1122 beneficium
1271 1074 1405 1129 dixit,
1428 1091 1533 1138 qua-

253 1154 373 1199 dram
395 1152 537 1212 panis,
558 1163 629 1197 aut
647 1150 799 1212 stipem
824 1151 932 1195 aeris
949 1147 1127 1204 abieffl,
1154 1160 1228 1193 aut
1248 1147 1356 1209 ignis
1373 1164 1533 1194 accen·

252 1226 383 1271 dendi
403 1225 556 1271 faciam
579 1223 870 1286 potestatem?
899 1237 941 1269 et
959 1223 1176 1269 interdum
1202 1220 1277 1267 ista.
1305 1222 1400 1282 plus
1426 1239 1553 1284 pro-2

253 1297 376 1353 sunt,
417 1313 546 1358 quam
585 1295 772 1341 maxima
804 1314 814 1341 :
856 1296 927 1342 sed
958 1307 1103 1342 tamen
1139 1295 1280 1341 vilitas
1314 1294 1386 1340 sua
1417 1295 1497 1341 illis
1516 1331 1534 1352 ,

251 1368 381 1415 etiam
420 1368 493 1413 ubi
532 1379 734 1428 tempore
771 1366 880 1412 sakia
918 1366 1014 1412 sunt
1055 1365 1319 1420 necessaria,
1348 1365 1533 1412 detrahit

251 1441 457 1504 pretium.
483 1439 659 1486 Deinde
687 1441 809 1501 quod
836 1439 1100 1500 potiffimum
1133 1437 1195 1484 est
1213 1472 1227 1494 ‚
1256 1449 1435 1499 oportet
1460 1455 1533 1484 ac*

253 1514 380 1560 cedat
401 1528 475 1558 :ut
495 1513 585 1558 eius
610 1512 733 1558 causa
764 1511 917 1557 faciam
934 1548 947 1569 ‚
977 1512 1030 1557 ad
1050 1527 1180 1573 quem
1204 1505 1353 1555 volam
1376 1525 1534 1570 perve-

253 1586 347 1632 nire
367 1582 631 1631 beneficium
653 1603 663 1630 :
686 1584 951 1648 dignumque
972 1599 1072 1629 eum
1092 1584 1280 1628 iudicem
1296 1617 1308 1636 ‚
1328 1595 1371 1628 et
1392 1582 1532 1628 libens

252 1657 297 1703 id
317 1658 504 1703 tribuam
519 1692 533 1712 ‚
557 1657 889 1718 percipiensque
910 1672 961 1701 ex
987 1671 1165 1700 munere
1189 1671 1291 1701 meo
1313 1654 1530 1716 gaudium.

254 1731 462 1789 Quorum
479 1729 583 1774 nihil
601 1728 720 1775 estin
739 1729 840 1784 istis,
861 1730 914 1774 de
931 1729 1089 1792 quibus
1107 1729 1406 1792 loquebamur.
1424 1728 1467 1773 N
1471 1745 1531 1774 on

253 1805 370 1849 enirn
398 1804 608 1866 ‘tanquam
637 1802 778 1864 dignis
812 1802 879 1847 illa
910 1801 1138 1847 tribuimus
1159 1835 1173 1853 ‚
1209 1800 1280 1846 sed
1308 1799 1532 1862 negligent·

253 1887 319 1921 ter
349 1891 557 1937 tanquam
578 1890 738 1938 parva:
765 1887 807 1921 et
837 1891 928 1920 non
948 1873 1120 1920 homini
1148 1873 1321 1931 damus,
1349 1872 1422 1920 sed
1446 1873 1531 1918 hu-

253 1958 462 1992 manitati.

319 2017 500 2064 XXX.
547 2016 794 2079 Aliquando
831 2016 1030 2061 daturum
1074 2032 1144 2062 me
1180 2014 1310 2062 etiam
1344 2013 1532 2078 indignis

253 2091 469 2147 quaedam
489 2107 579 2135 non
598 2089 850 2151 negaverim
863 2124 876 2143 ‚
896 2089 942 2134 in
963 2089 1178 2135 honorem
1195 2088 1381 2134 aliorum
1397 2105 1408 2133 :
1426 2088 1531 2134 ficut

252 2164 297 2210 in
317 2162 512 2224 petendis
532 2162 775 2208 honoribus
797 2163 1008 2225 quosdam
1029 2161 1294 2222 turpissimos
1328 2161 1533 2207 nobilitas

252 2236 497 2293 industriis,
533 2236 602 2282 sed
635 2237 796 2292 novis,
832 2235 1050 2298 praetulit.
1098 2236 1205 2281 Non
1247 2235 1334 2281 {ine
1363 2235 1530 2283 ratione

253 2309 368 2355 sacra
388 2308 448 2354 est
477 2324 731 2370 magnarum
759 2307 971 2354 virtutum
1000 2307 1245 2354 memoria:
1265 2323 1307 2354 et
1326 2307 1412 2355 effe
1433 2307 1529 2369 plu-

254 2396 323 2431 res
353 2381 497 2427 bonos
523 2382 665 2438 iuvat,
699 2380 728 2425 fi
759 2381 895 2442 gratia
922 2382 1147 2427 bonorum
1177 2399 1267 2427 non
1296 2397 1396 2427 cum
1430 2379 1529 2442 ipsis

254 2453 391 2503 cadat.
429 2454 695 2502 Ciceronem
730 2452 870 2505 filium
906 2470 1018 2517 quae
1047 2470 1114 2505 res
1141 2453 1363 2503 consulem
1389 2451 1498 2501 fecit
1513 2488 1530 2511 ,

1727 1174 1737 1294 l

1730 1295 1739 1427 l

1730 1453 1739 1544 ἑ

1732 1577 1740 1621 j
