1742 2967
431 172 564 237 'DE
612 189 806 237 vtTA
854 188 1130 235 BEATA.
1368 182 1432 247 89

162 294 395 359 quomodo
419 294 697 358 conspefi'tum
722 295 906 352 mortis,
931 294 1164 358 quomodo
1184 291 1349 339 doloris
1371 293 1430 340 fe·

162 368 258 415 ret?
302 368 532 432 quomodo
566 369 718 415 mundi
749 368 942 430 fragores
962 401 975 425 ,
1004 381 1047 414 et
1073 377 1240 413 tantum
1268 366 1432 412 acerri-

163 456 342 487 morum
362 440 564 498 hostium,
579 459 602 487 a
616 457 702 488 tam
721 441 841 487 molli
858 439 1103 486 adversario
1118 440 1277 486 vietus?
1297 438 1431 498 Quid-

162 513 269 575 quid
286 514 487 575 voluptas
511 513 704 571 suaserit,
727 512 871 560 faciet.
902 518 1017 575 Age,
1041 528 1132 558 non
1153 509 1276 556 vides
1300 527 1430 572 quam

163 586 296 631 multa
315 585 480 632 suasura
498 584 577 631 fit?
609 586 755 641 Nihil,
777 585 942 648 inquis,
959 583 1122 648 poterit
1141 582 1317 628 suadere
1342 596 1434 627 tur-

162 657 300 718 piter,
331 657 430 719 quia
458 658 653 704 adiuncta
685 658 838 703 virtuti
871 656 944 704 est.
986 657 1090 703 Non
1120 667 1164 700 tu
1196 653 1319 700 vides
1347 652 1430 698 ite-

161 745 287 784 rum,
314 729 438 791 quale
470 729 518 775 fit
547 729 758 775 summum
791 731 982 786 bonum,
1012 728 1084 775 cui
1116 726 1292 773 custode
1320 740 1433 786 opus

162 798 252 849 est,
282 815 329 845 ut
355 800 521 846 bonum
548 800 596 846 fit
618 800 635 846 ?
671 801 818 846 Virtus
844 812 987 845 autem
1013 796 1244 861 quomodo
1272 795 1432 858 volup-

161 885 291 917 tatem
315 884 461 934 reget,
488 889 618 935 quam
640 873 832 936 sequitur
855 891 864 918 :
886 889 984 918 cum
1011 870 1128 934 sequi
1156 868 1345 931 parentis
1366 868 1433 924 sit,

161 959 312 1007 regere
340 945 631 1007 imperantis?
659 964 681 991 a
701 962 827 1009 tergo
858 946 1049 1008 ponitis,
1081 945 1204 1005 quod
1232 943 1435 1005 imperat.

161 1018 396 1080 Egregium
423 1031 567 1065 autem
591 1019 762 1065 virtutis
781 1020 895 1080 apud
918 1034 998 1064 vos
1024 1017 1216 1064 officium
1231 1052 1247 1072 ,
1270 1017 1435 1077 volup-

161 1101 266 1135 tates
294 1090 571 1152 praegustare.
600 1091 683 1137 Sed
708 1092 981 1147 videbimus,
1005 1106 1057 1134 an
1082 1090 1197 1151 apud
1216 1104 1326 1150 quos
1344 1100 1431 1132 tam

163 1163 475 1209 contumeliose
507 1164 683 1209 tractata
717 1164 854 1209 virtus
887 1163 975 1220 est,
1005 1162 1145 1208 adhuc
1181 1160 1318 1206 virtus
1348 1161 1429 1206 fit:

161 1250 274 1296 quae
304 1235 460 1281 habere
487 1252 648 1282 nomen
677 1236 801 1282 suum
827 1252 917 1281 non
946 1233 1086 1296 potest
1104 1269 1115 1288 ‚
1145 1232 1174 1277 fi
1199 1233 1303 1279 loco
1337 1231 1431 1278 ces-

163 1306 226 1352 fit.
254 1307 424 1353 interim
458 1308 512 1353 de
539 1324 630 1370 quo
654 1307 793 1370 agitur
808 1343 820 1362 ‚
841 1307 1002 1352 multos
1028 1306 1251 1351 ostendam
1270 1305 1434 1365 volup-

162 1378 322 1424 tatibus
349 1378 566 1436 obseffos,
589 1379 633 1424 in
658 1396 769 1441 quos
791 1378 966 1425 fortuna
991 1378 1140 1424 omnia
1159 1393 1338 1422 munera
1359 1375 1433 1421 sua

163 1451 333 1506 effudit,
355 1468 467 1514 quos
489 1451 661 1497 fatearis
680 1451 846 1498 necesse
867 1450 926 1497 est
951 1451 1104 1497 malos.
1129 1448 1315 1510 Adspice
1335 1449 1434 1494 No·

164 1538 413 1569 mentanum
445 1535 487 1570 et
516 1523 747 1586 Apicium,
785 1535 997 1569 terrarum
1025 1539 1074 1569 ac
1099 1521 1227 1568 maris
1259 1522 1339 1579 (ut
1367 1520 1436 1567 isti

162 1598 365 1656 vocant>
403 1596 519 1642 bona
550 1596 883 1658 conquirentes,
916 1607 958 1641 et
984 1593 1112 1656 super
1140 1593 1332 1640 mensam
1364 1609 1437 1639 re-

165 1669 483 1732 cognoscentes
514 1669 715 1715 omnium
746 1669 938 1731 gentium
963 1667 1174 1714 animalia.
1213 1666 1329 1713 Vide
1356 1666 1439 1712 hos

164 1743 341 1788 eosdem
362 1759 385 1789 e
405 1741 601 1806 suggestu
620 1741 740 1787 rosae
758 1741 1047 1803 exspectantes
1071 1740 1279 1802 popinam
1300 1739 1438 1795 suam,

164 1831 286 1863 aures
307 1833 470 1862 vocum
493 1816 628 1872 sono,
649 1813 893 1876 spectaculis
920 1814 1101 1867 oculos,
1122 1811 1344 1874 saporibus
1364 1828 1437 1873 pa-

164 1887 295 1934 latum
315 1888 436 1935 suum
467 1888 739 1934 delectantes.
761 1886 965 1933 Mollibus
982 1887 1237 1947 lenibusque
1261 1885 1438 1931 fomen-

164 1959 219 2006 tis
242 1972 385 2007 totum
415 1960 629 2007 laceffitur
656 1977 811 2006 eorum
835 1975 997 2022 corpus
1024 1976 1034 2005 :
1060 1970 1103 2005 et
1132 1974 1186 2004 ne
1216 1972 1339 2003 nares
1369 1957 1438 2002 in-

166 2031 294 2076 terim
321 2030 510 2089 cessent,
543 2032 754 2078 odoribus
775 2031 907 2078 variis
934 2030 1129 2077 inficitur
1159 2024 1281 2075 locus
1317 2028 1407 2091 ipse
1425 2064 1440 2086 ‚

166 2101 212 2149 in
236 2120 329 2166 quo
358 2104 551 2150 luxuriae
579 2118 841 2167 parentatur.
885 2104 980 2150 Hos
1014 2101 1097 2149 effe
1123 2101 1167 2148 in
1192 2100 1438 2162 voluptati-

167 2176 247 2222 bus
276 2175 420 2222 dices:
444 2193 523 2224 nec
551 2191 697 2226 tamen
719 2177 801 2224 illis
827 2178 937 2224 bene
969 2176 1078 2235 erit,
1107 2175 1209 2238 quia
1238 2190 1329 2219 non
1347 2173 1434 2219 bo-

167 2263 228 2293 no
257 2248 459 2309 gaudent.
786 2264 790 2267 ·

231 2320 331 2366 XII.
362 2319 506 2376 Male,
525 2318 695 2381 inquit,
724 2318 806 2365 illis
828 2317 935 2365 erit:
957 2318 1058 2382 quia
1081 2318 1214 2365 multa
1234 2317 1432 2365 interve-

168 2391 296 2439 niunt
311 2428 323 2450 ,
354 2409 464 2454 quae
483 2393 734 2454 perturbant
757 2391 948 2436 animum
964 2425 978 2446 ‚
1007 2402 1051 2437 et
1069 2390 1302 2451 opiniones
1321 2389 1436 2435 inter

168 2465 210 2514 se
238 2464 480 2515 contrariae
516 2479 707 2512 mentem
737 2462 1052 2527 inquietabunt.
1093 2462 1235 2523 Quod
1262 2462 1320 2508 ita
1347 2460 1431 2508 ess‘e
