1742 2967
355 145 453 231 m:
501 183 930 234 americus
984 189 1205 239 maii.
1343 208 1428 255 171

229 291 452 339 XXXIV.
474 292 596 351 Quid
621 293 759 356 ergo?
778 293 932 354 inquit.
950 296 1112 342 Retulit
1135 296 1310 359 gratiam
1330 334 1343 356 ,
1358 300 1433 361 qui

162 362 275 410 nihil
299 363 408 410 ‘fecit
427 369 443 410 ?
465 365 662 411 Primum
693 366 810 413 fecit.
837 368 959 414 bono
989 370 1140 415 animo
1166 370 1331 417 bonum
1353 372 1436 418 ob-

164 434 262 480 tulit
281 452 292 480 :
312 449 374 492 et,
390 437 513 498 quod
539 437 600 482 est
629 438 841 484 amicitiae
857 475 870 494 ‚
891 458 943 486 ex
962 458 1119 502 aequo.
1152 442 1251 487 Post
1281 442 1436 489 deinde

166 505 287 553 aliter
317 506 600 563 beneficium,
630 509 750 555 aliter
776 511 986 556 creditum
1017 512 1216 559 solvitur.
1250 513 1356 559 Non
1376 511 1436 558 est

163 579 288 639 quod
304 579 536 639 exspeEles,
559 595 607 626 ut
625 580 884 627 solutionem
912 582 989 628 tibi
1009 583 1232 630 ostendam
1257 602 1267 630 :
1290 602 1355 632 res
1373 585 1438 631 in-

165 662 233 698 ter
261 651 430 714 animos
458 654 634 714 geritur.
661 655 801 713 Quod
830 655 959 711 dico,
995 673 1085 701 non
1117 656 1338 704 videbitur
1356 658 1439 705 du-

166 738 290 779 rum,
315 725 516 786 quamvis
545 725 689 786 primo
716 741 868 771 contra
897 727 1158 787 opinionem
1185 732 1345 792 pugnet
1370 743 1439 777 tu-

166 810 235 840 am
250 829 263 851 ‚
287 795 317 840 fi
343 810 385 842 te
403 799 758 844 commodaveris
786 799 889 844 mihi
905 835 918 856 ‚
936 814 979 847 et
999 802 1262 863 cogitaveris
1288 819 1355 850 res
1371 803 1439 850 es—

166 866 208 914 se
236 868 407 930 plu-res,
429 887 559 932 quam
589 872 738 917 verba.
766 875 921 933 Ingens
951 873 1079 936 copia
1106 872 1165 919 est
1191 890 1333 920 rerum
1353 875 1440 923 sine

166 942 347 989 nomine
363 979 376 1002 ‚
392 961 498 1007 quas
515 961 606 990 non
627 946 815 1007 propriis
835 947 1196 1008 appellationibus
1216 961 1440 1008 notamus,

166 1013 240 1062 sed
266 1016 417 1064 alienis
441 1019 838 1082 commodatisque.
872 1021 1031 1066 Pedem
1051 1034 1093 1066 et
1118 1021 1310 1068 nostrum
1330 1022 1443 1068 dici-

167 1104 263 1135 mus
280 1124 296 1144 ‚
317 1102 360 1136 et
381 1089 502 1147 leffi,
523 1106 565 1137 et
590 1091 706 1149 veli,
728 1103 770 1137 et
793 1092 995 1139 carminis
1014 1110 1023 1139 :
1047 1110 1198 1140 canem
1213 1129 1227 1150 ‚
1247 1105 1289 1148 et
1310 1111 1445 1140 vena-

167 1162 331 1218 ticum,
348 1175 391 1209 et
416 1164 632 1211 marinum
651 1200 665 1222 ‚
694 1178 738 1213 et
758 1164 882 1212 fidus.
918 1166 1034 1226 Quia
1059 1183 1150 1212 non
1182 1167 1442 1226 sufficimus,

168 1249 217 1281 ut
247 1235 421 1299 fingulis
448 1236 611 1299 singula
643 1237 898 1300 affignemus
931 1257 943 1284 :
974 1240 1177 1301 quotiens
1209 1256 1321 1302 opus
1353 1240 1444 1297 est,

168 1320 434 1356 mutuamur.
481 1310 713 1356 Fortitudo
731 1309 793 1357 est
812 1313 975 1368 virtus,
1002 1313 1189 1374 pericula
1212 1314 1315 1360 iusta
1337 1330 1445 1359 con-

168 1396 400 1429 temnens:
426 1394 500 1429 aut
529 1382 703 1429 scientia
736 1384 1032 1446 periculorum
1063 1386 1412 1448 repellendorum
1430 1421 1446 1444 ‚

159 1456 556 1520 >excipiendorum‚
577 1461 983 1522 provocandorum.
1009 1459 1212 1507 Dicimus
1239 1473 1384 1507 tamen
1404 1475 1447 1508 et

169 1534 456 1596 gladiatorem
475 1532 635 1580 fortem
656 1535 818 1593 virum,
837 1546 879 1580 et
897 1533 1067 1581 servum
1089 1551 1295 1597 nequam,
1314 1552 1447 1599 quem

170 1604 217 1653 in
244 1618 517 1654 contemtum
544 1607 698 1653 mortis
722 1608 941 1654 temeritas
965 1607 1153 1669 impulit.
1181 1608 1448 1654 Parsimonia

173 1677 236 1724 est
263 1678 438 1725 scientia
463 1678 630 1724 vitandi
658 1677 821 1724 sumtus
847 1678 1141 1740 supervacuos
1168 1696 1178 1725 :
1207 1692 1279 1725 aut
1307 1696 1373 1726 ars
1401 1695 1448 1725 re

164 1749 371 1801 ,familiari
388 1751 611 1797 moderate
625 1749 774 1796 utendi
793 1768 803 1794 :
824 1750 1115 1813 parciffimum
1134 1767 1280 1798 tamen
1297 1751 1447 1798 homi-

173 1840 274 1870 nem
302 1838 513 1870 vocamus
532 1821 670 1884 pufilli
689 1822 822 1868 animi
851 1834 894 1868 et
917 1822 1126 1869 contra&
1146 1841 1156 1869 τ
1180 1840 1278 1870 cum
1306 1822 1450 1869 infini-

175 1906 267 1942 tum
287 1896 452 1944 interfit
465 1897 577 1942 inter
596 1894 781 1941 modum
804 1909 846 1941 et
865 1893 1088 1957 angustias.
1110 1895 1229 1942 Haec
1251 1895 1334 1941 alia
1356 1894 1452 1941 sunt

174 1981 331 2016 natura
351 1986 362 2016 :
381 1968 453 2015 sed
471 1966 616 2014 effecit
644 1967 796 2030 inopia
815 1966 1026 2013 sermonis
1041 2004 1053 2024 ,
1079 1979 1127 2014 ut
1145 1980 1184 2014 et
1205 1968 1319 2013 hunc
1339 1982 1382 2013 et
1401 1967 1451 2012 il-

175 2042 266 2089 lum
295 2058 476 2105 parcum
503 2057 746 2097 vocemus;
770 2053 818 2087 ut
840 2053 882 2087 et
908 2040 980 2086 ille
1007 2040 1135 2088 fortis
1164 2041 1331 2088 dicatur
1349 2057 1452 2087 cum

175 2115 345 2162 ratione
369 2114 547 2161 fortuita
563 2113 828 2175 despiciens,
855 2130 897 2160 et
921 2114 989 2160 hic
1009 2113 1094 2160 fine
1119 2114 1288 2160 ratione
1312 2113 1355 2158 in
1376 2129 1453 2175 pe-

177 2187 313 2233 ricula
334 2201 585 2233 excurrens.
617 2186 688 2231 Sic
717 2184 977 2231 beneficium
1004 2185 1064 2231 est
1089 2200 1131 2232 et
1151 2186 1283 2240 auio,
1316 2200 1363 2231 ut
1392 2184 1455 2231 di·

179 2259 349 2313 ximus,
376 2256 598 2314 benefica,
618 2271 660 2303 et
684 2257 826 2319 ipsum
853 2258 975 2320 quod
1003 2258 1128 2304 datur
1145 2275 1222 2320 per
1245 2257 1359 2303 illam
1381 2273 1455 2304 ac·

178 2330 349 2377 tionem
370 2347 381 2376 :
400 2340 447 2376 ut
465 2328 674 2391 pecunia,
695 2342 744 2375 ut
767 2330 948 2387 domus,
970 2341 1014 2375 ut
1038 2342 1273 2392 praetexta.
1301 2331 1453 2377 Unum

179 2403 356 2465 utrique
372 2418 534 2448 nomen
553 2401 639 2448 est:
658 2401 727 2449 vis
749 2403 927 2465 quidem
945 2419 995 2450 ac
1010 2403 1194 2466 potestas
1214 2403 1342 2466 louge
1362 2402 1457 2453 alia.

244 2477 447 2527 XXXV.
470 2478 623 2541 ltaque
649 2478 836 2527 attende.
859 2476 947 2525 iam
972 2476 1207 2540 intelliges,
1235 2475 1340 2523 nihil
1365 2490 1456 2533 me,
