<?xml version="1.0" encoding="UTF-8"?>
<!DOCTYPE html PUBLIC "-//W3C//DTD XHTML 1.0 Transitional//EN"
    "http://www.w3.org/TR/xhtml1/DTD/xhtml1-transitional.dtd">
<html xmlns="http://www.w3.org/1999/xhtml" xml:lang="en" lang="en">
 <head>
  <title>
</title>
<meta http-equiv="Content-Type" content="text/html;charset=utf-8" />
  <meta name='ocr-system' content='tesseract 3.04.00' />
  <meta name='ocr-capabilities' content='ocr_page ocr_carea ocr_par ocr_line ocrx_word'/>
</head>
<body>
  <div class='ocr_page' id='page_1' title='image "./lannaeisenecaeph02seneuoft_0170.png"; bbox 0 0 1742 2967; ppageno 0'>
   <div class='ocr_carea' id='block_1_1' title="bbox 312 188 1352 254">
    <p class='ocr_par' dir='ltr' id='par_1_1' title="bbox 312 188 1352 254">
     <span class='ocr_line' id='line_1_1' title="bbox 312 188 1352 254; baseline 0 -18"><span class='ocrx_word' id='word_1_1' title='bbox 312 205 402 254; x_wconf 55' lang='lat' dir='ltr'><strong>qo</strong></span> <span class='ocrx_word' id='word_1_2' title='bbox 535 192 584 238; x_wconf 65' lang='lat' dir='ltr'><strong>n</strong></span> <span class='ocrx_word' id='word_1_3' title='bbox 640 188 1352 236; x_wconf 72' lang='lat' dir='ltr'><strong>ANNAersENEcAE</strong></span> 
     </span>
    </p>
   </div>
   <div class='ocr_carea' id='block_1_2' title="bbox 259 295 1608 2554">
    <p class='ocr_par' dir='ltr' id='par_1_2' title="bbox 294 295 1593 796">
     <span class='ocr_line' id='line_1_2' title="bbox 307 295 1592 361; baseline 0.001 -18"><span class='ocrx_word' id='word_1_4' title='bbox 307 298 450 345; x_wconf 86' lang='lat' dir='ltr'><strong>Palam</strong></span> <span class='ocrx_word' id='word_1_5' title='bbox 465 330 479 355; x_wconf 94' lang='lat'>,</span> <span class='ocrx_word' id='word_1_6' title='bbox 497 315 609 361; x_wconf 87' lang='lat' dir='ltr'><strong>quae</strong></span> <span class='ocrx_word' id='word_1_7' title='bbox 630 296 838 360; x_wconf 80' lang='lat' dir='ltr'>consequi</span> <span class='ocrx_word' id='word_1_8' title='bbox 858 295 1097 360; x_wconf 82' lang='lat' dir='ltr'><strong>gloriosum</strong></span> <span class='ocrx_word' id='word_1_9' title='bbox 1120 295 1208 344; x_wconf 89' lang='lat' dir='ltr'><strong>est:</strong></span> <span class='ocrx_word' id='word_1_10' title='bbox 1228 312 1277 343; x_wconf 88' lang='lat' dir='ltr'><strong>ut</strong></span> <span class='ocrx_word' id='word_1_11' title='bbox 1293 295 1492 343; x_wconf 85' lang='lat' dir='ltr'><strong>militaria</strong></span> <span class='ocrx_word' id='word_1_12' title='bbox 1512 296 1592 344; x_wconf 73' lang='grc' dir='ltr'><strong>(1οέ</strong></span> 
     </span>
     <span class='ocr_line' id='line_1_3' title="bbox 306 362 1590 433; baseline 0 -16"><span class='ocrx_word' id='word_1_13' title='bbox 306 388 389 430; x_wconf 80' lang='lat' dir='ltr'><strong>na,</strong></span> <span class='ocrx_word' id='word_1_14' title='bbox 416 385 459 418; x_wconf 88' lang='lat' dir='ltr'><strong>et</strong></span> <span class='ocrx_word' id='word_1_15' title='bbox 482 372 702 428; x_wconf 85' lang='lat' dir='ltr'><strong>honores,</strong></span> <span class='ocrx_word' id='word_1_16' title='bbox 730 382 773 416; x_wconf 88' lang='lat' dir='ltr'><strong>et</strong></span> <span class='ocrx_word' id='word_1_17' title='bbox 799 362 1015 433; x_wconf 84' lang='lat' dir='ltr'><strong>quidquid</strong></span> <span class='ocrx_word' id='word_1_18' title='bbox 1043 370 1160 417; x_wconf 84' lang='lat' dir='ltr'><strong>aliud</strong></span> <span class='ocrx_word' id='word_1_19' title='bbox 1181 370 1336 416; x_wconf 78' lang='lat' dir='ltr'><strong>notitia</strong></span> <span class='ocrx_word' id='word_1_20' title='bbox 1363 370 1590 432; x_wconf 78' lang='lat' dir='ltr'><strong>pulchrius</strong></span> 
     </span>
     <span class='ocr_line' id='line_1_4' title="bbox 307 433 1590 504; baseline -0.001 -14"><span class='ocrx_word' id='word_1_21' title='bbox 307 433 370 490; x_wconf 66' lang='lat' dir='ltr'><strong>fiz&#39;.</strong></span> <span class='ocrx_word' id='word_1_22' title='bbox 402 443 583 490; x_wconf 67' lang='lat' dir='ltr'><strong>&#39;Rursus</strong></span> <span class='ocrx_word' id='word_1_23' title='bbox 612 458 723 504; x_wconf 84' lang='lat' dir='ltr'><strong>quae</strong></span> <span class='ocrx_word' id='word_1_24' title='bbox 753 458 842 487; x_wconf 87' lang='lat' dir='ltr'><strong>non</strong></span> <span class='ocrx_word' id='word_1_25' title='bbox 872 442 1152 504; x_wconf 86' lang='lat' dir='ltr'><strong>producunt,</strong></span> <span class='ocrx_word' id='word_1_26' title='bbox 1184 460 1263 490; x_wconf 90' lang='lat' dir='ltr'><strong>nec</strong></span> <span class='ocrx_word' id='word_1_27' title='bbox 1291 442 1590 490; x_wconf 85' lang='lat' dir='ltr'><strong>honestiorem</strong></span> 
     </span>
     <span class='ocr_line' id='line_1_5' title="bbox 309 513 1591 579; baseline -0.001 -19"><span class='ocrx_word' id='word_1_28' title='bbox 309 513 504 571; x_wconf 77' lang='lat' dir='ltr'><strong>faciunt,</strong></span> <span class='ocrx_word' id='word_1_29' title='bbox 541 514 614 562; x_wconf 83' lang='lat' dir='ltr'><strong>sed</strong></span> <span class='ocrx_word' id='word_1_30' title='bbox 644 514 901 561; x_wconf 86' lang='lat' dir='ltr'><strong>succurrunt</strong></span> <span class='ocrx_word' id='word_1_31' title='bbox 928 513 1200 574; x_wconf 88' lang='lat' dir='ltr'><strong>infirmitati,</strong></span> <span class='ocrx_word' id='word_1_32' title='bbox 1232 515 1433 579; x_wconf 84' lang='lat' dir='ltr'><strong>egestati,</strong></span> <span class='ocrx_word' id='word_1_33' title='bbox 1459 515 1591 578; x_wconf 84' lang='lat' dir='ltr'><strong>igno-</strong></span> 
     </span>
     <span class='ocr_line' id='line_1_6' title="bbox 308 585 1591 649; baseline -0.002 -15"><span class='ocrx_word' id='word_1_34' title='bbox 308 586 496 644; x_wconf 85' lang='lat' dir='ltr'><strong>miniae,</strong></span> <span class='ocrx_word' id='word_1_35' title='bbox 524 586 656 633; x_wconf 84' lang='lat' dir='ltr'><strong>tacite</strong></span> <span class='ocrx_word' id='word_1_36' title='bbox 689 585 831 632; x_wconf 78' lang='lat' dir='ltr'><strong>danda</strong></span> <span class='ocrx_word' id='word_1_37' title='bbox 854 585 950 633; x_wconf 89' lang='lat' dir='ltr'><strong>sunt</strong></span> <span class='ocrx_word' id='word_1_38' title='bbox 975 603 985 631; x_wconf 82' lang='lat' dir='ltr'><strong><em>z</em></strong></span> <span class='ocrx_word' id='word_1_39' title='bbox 1006 599 1054 632; x_wconf 86' lang='lat' dir='ltr'><strong>ut</strong></span> <span class='ocrx_word' id='word_1_40' title='bbox 1083 599 1187 632; x_wconf 85' lang='lat' dir='ltr'><strong>nota</strong></span> <span class='ocrx_word' id='word_1_41' title='bbox 1215 586 1295 633; x_wconf 79' lang='lat' dir='ltr'><strong>{int</strong></span> <span class='ocrx_word' id='word_1_42' title='bbox 1324 587 1452 643; x_wconf 87' lang='lat' dir='ltr'><strong>solis,</strong></span> <span class='ocrx_word' id='word_1_43' title='bbox 1485 586 1591 649; x_wconf 89' lang='lat' dir='ltr'><strong>qui-</strong></span> 
     </span>
     <span class='ocr_line' id='line_1_7' title="bbox 309 658 1593 722; baseline -0.002 -16"><span class='ocrx_word' id='word_1_44' title='bbox 309 659 391 709; x_wconf 88' lang='lat' dir='ltr'><strong>bus</strong></span> <span class='ocrx_word' id='word_1_45' title='bbox 412 660 607 722; x_wconf 68' lang='lat' dir='ltr'><strong>prosunt¹</strong></span> <span class='ocrx_word' id='word_1_46' title='bbox 637 658 858 704; x_wconf 86' lang='lat' dir='ltr'><strong>Interdum</strong></span> <span class='ocrx_word' id='word_1_47' title='bbox 880 670 923 704; x_wconf 88' lang='lat' dir='ltr'><strong>et</strong></span> <span class='ocrx_word' id='word_1_48' title='bbox 947 658 1036 721; x_wconf 86' lang='lat' dir='ltr'><strong>ipse</strong></span> <span class='ocrx_word' id='word_1_49' title='bbox 1061 664 1135 722; x_wconf 92' lang='lat' dir='ltr'><strong>qui</strong></span> <span class='ocrx_word' id='word_1_50' title='bbox 1154 660 1357 719; x_wconf 86' lang='lat' dir='ltr'><strong>iuvatur,</strong></span> <span class='ocrx_word' id='word_1_51' title='bbox 1383 660 1593 709; x_wconf 82' lang='lat' dir='ltr'><strong>fallendus</strong></span> 
     </span>
     <span class='ocr_line' id='line_1_8' title="bbox 294 733 1340 814; baseline -0.001 -33"><span class='ocrx_word' id='word_1_52' title='bbox 294 733 373 781; x_wconf 61' lang='lat' dir='ltr'><strong>&lt;est</strong></span> <span class='ocrx_word' id='word_1_53' title='bbox 394 751 404 780; x_wconf 74' lang='grc' dir='ltr'><em>τ</em></span> <span class='ocrx_word' id='word_1_54' title='bbox 427 748 476 781; x_wconf 87' lang='lat' dir='ltr'><strong>ut</strong></span> <span class='ocrx_word' id='word_1_55' title='bbox 497 733 676 790; x_wconf 79' lang='lat' dir='ltr'><strong>habeat,</strong></span> <span class='ocrx_word' id='word_1_56' title='bbox 703 749 783 779; x_wconf 80' lang='lat' dir='ltr'><strong>nec</strong></span> <span class='ocrx_word' id='word_1_57' title='bbox 808 749 831 778; x_wconf 88' lang='lat' dir='ltr'><strong>a</strong></span> <span class='ocrx_word' id='word_1_58' title='bbox 851 749 943 796; x_wconf 81' lang='lat' dir='ltr'><strong>quo</strong></span> <span class='ocrx_word' id='word_1_59' title='bbox 963 734 1178 814; x_wconf 39' lang='lat' dir='ltr'><strong>accep-erit</strong></span> <span class='ocrx_word' id='word_1_60' title='bbox 1192 766 1205 788; x_wconf 95' lang='lat'>‚</span> <span class='ocrx_word' id='word_1_61' title='bbox 1225 734 1340 780; x_wconf 85' lang='lat' dir='ltr'><strong>sciat.</strong></span> 
     </span>
    </p>

    <p class='ocr_par' dir='ltr' id='par_1_3' title="bbox 292 806 1608 2554">
     <span class='ocr_line' id='line_1_9' title="bbox 365 806 1596 871; baseline -0.001 -17.989"><span class='ocrx_word' id='word_1_62' title='bbox 365 807 440 854; x_wconf 89' lang='lat' dir='ltr'><strong>X.</strong></span> <span class='ocrx_word' id='word_1_63' title='bbox 474 806 739 860; x_wconf 76' lang='lat' dir='ltr'><strong>Arcesilaus,</strong></span> <span class='ocrx_word' id='word_1_64' title='bbox 770 819 817 852; x_wconf 89' lang='lat' dir='ltr'><strong>ut</strong></span> <span class='ocrx_word' id='word_1_65' title='bbox 842 807 989 864; x_wconf 82' lang='lat' dir='ltr'><strong>aiunt,</strong></span> <span class='ocrx_word' id='word_1_66' title='bbox 1018 807 1164 853; x_wconf 89' lang='lat' dir='ltr'><strong>amico</strong></span> <span class='ocrx_word' id='word_1_67' title='bbox 1194 806 1394 871; x_wconf 83' lang='lat' dir='ltr'><strong>pauperi,</strong></span> <span class='ocrx_word' id='word_1_68' title='bbox 1423 817 1466 853; x_wconf 84' lang='lat' dir='ltr'><strong>et</strong></span> <span class='ocrx_word' id='word_1_69' title='bbox 1486 823 1596 868; x_wconf 78' lang='lat' dir='ltr'><strong>pau-</strong></span> 
     </span>
     <span class='ocr_line' id='line_1_10' title="bbox 259 879 1595 949; baseline -0.001 -21.963"><span class='ocrx_word' id='word_1_70' title='bbox 259 879 523 949; x_wconf 81' lang='lat' dir='ltr'><strong>pertatem</strong></span> <span class='ocrx_word' id='word_1_71' title='bbox 551 879 668 925; x_wconf 83' lang='lat' dir='ltr'><strong>suam</strong></span> <span class='ocrx_word' id='word_1_72' title='bbox 698 879 1003 936; x_wconf 68' lang='lat' dir='ltr'>dissimulanti,</span> <span class='ocrx_word' id='word_1_73' title='bbox 1023 896 1156 942; x_wconf 83' lang='lat' dir='ltr'><strong>aegro</strong></span> <span class='ocrx_word' id='word_1_74' title='bbox 1181 892 1346 934; x_wconf 85' lang='lat' dir='ltr'><strong>autem,</strong></span> <span class='ocrx_word' id='word_1_75' title='bbox 1366 893 1409 926; x_wconf 92' lang='lat' dir='ltr'><strong>et</strong></span> <span class='ocrx_word' id='word_1_76' title='bbox 1433 896 1486 926; x_wconf 88' lang='lat' dir='ltr'><strong>ne</strong></span> <span class='ocrx_word' id='word_1_77' title='bbox 1507 879 1595 926; x_wconf 86' lang='lat' dir='ltr'><strong>hoc</strong></span> 
     </span>
     <span class='ocr_line' id='line_1_11' title="bbox 292 952 1596 1035; baseline -0.003 -34"><span class='ocrx_word' id='word_1_78' title='bbox 292 955 491 1035; x_wconf 59' lang='lat' dir='ltr'><strong>‘quidem</strong></span> <span class='ocrx_word' id='word_1_79' title='bbox 513 953 770 1010; x_wconf 79' lang='lat' dir='ltr'><strong>confitenti,</strong></span> <span class='ocrx_word' id='word_1_80' title='bbox 788 952 929 1000; x_wconf 84' lang='lat' dir='ltr'><strong>deeffe</strong></span> <span class='ocrx_word' id='word_1_81' title='bbox 950 952 1058 998; x_wconf 80' lang='lat' dir='ltr'><strong>fibi</strong></span> <span class='ocrx_word' id='word_1_82' title='bbox 1049 971 1092 998; x_wconf 86' lang='lat' dir='ltr'>m</span> <span class='ocrx_word' id='word_1_83' title='bbox 1115 953 1302 999; x_wconf 82' lang='lat' dir='ltr'>sumtum</span> <span class='ocrx_word' id='word_1_84' title='bbox 1326 954 1379 998; x_wconf 88' lang='lat' dir='ltr'><strong>ad</strong></span> <span class='ocrx_word' id='word_1_85' title='bbox 1402 953 1596 999; x_wconf 79' lang='lat' dir='ltr'><strong>neceffa-</strong></span> 
     </span>
     <span class='ocr_line' id='line_1_12' title="bbox 315 1025 1598 1105; baseline -0.002 -31"><span class='ocrx_word' id='word_1_86' title='bbox 315 1029 406 1074; x_wconf 88' lang='lat' dir='ltr'><strong>rios</strong></span> <span class='ocrx_word' id='word_1_87' title='bbox 431 1028 550 1084; x_wconf 83' lang='lat' dir='ltr'><strong>usus,</strong></span> <span class='ocrx_word' id='word_1_88' title='bbox 575 1044 676 1074; x_wconf 87' lang='lat' dir='ltr'><strong>cum</strong></span> <span class='ocrx_word' id='word_1_89' title='bbox 706 1025 814 1072; x_wconf 79' lang='lat' dir='ltr'><strong>clam</strong></span> <span class='ocrx_word' id='word_1_90' title='bbox 837 1025 1179 1071; x_wconf 84' lang='lat' dir='ltr'><strong>succurrendum</strong></span> <span class='ocrx_word' id='word_1_91' title='bbox 1209 1025 1460 1080; x_wconf 84' lang='lat' dir='ltr'><strong>iudicasset,</strong></span> <span class='ocrx_word' id='word_1_92' title='bbox 1497 1025 1598 1105; x_wconf 79' lang='lat' dir='ltr'><strong>pul-</strong></span> 
     </span>
     <span class='ocr_line' id='line_1_13' title="bbox 318 1087 1600 1161; baseline -0.003 -14"><span class='ocrx_word' id='word_1_93' title='bbox 318 1100 427 1147; x_wconf 86' lang='lat' dir='ltr'><strong>vino</strong></span> <span class='ocrx_word' id='word_1_94' title='bbox 456 1099 547 1146; x_wconf 85' lang='lat' dir='ltr'><strong>eius</strong></span> <span class='ocrx_word' id='word_1_95' title='bbox 572 1099 812 1161; x_wconf 83' lang='lat' dir='ltr'><strong>ignorantis</strong></span> <span class='ocrx_word' id='word_1_96' title='bbox 837 1087 1056 1143; x_wconf 49' lang='lat' dir='ltr'><strong>sacculum</strong></span> <span class='ocrx_word' id='word_1_97' title='bbox 1075 1097 1284 1154; x_wconf 86' lang='lat' dir='ltr'><strong>subiecit,</strong></span> <span class='ocrx_word' id='word_1_98' title='bbox 1302 1110 1350 1144; x_wconf 89' lang='lat' dir='ltr'><strong>ut</strong></span> <span class='ocrx_word' id='word_1_99' title='bbox 1368 1097 1538 1144; x_wconf 87' lang='lat' dir='ltr'><strong>bomo</strong></span> <span class='ocrx_word' id='word_1_100' title='bbox 1528 1115 1600 1143; x_wconf 89' lang='lat' dir='ltr'><strong>m-</strong></span> 
     </span>
     <span class='ocr_line' id='line_1_14' title="bbox 318 1169 1600 1234; baseline -0.004 -12"><span class='ocrx_word' id='word_1_101' title='bbox 318 1172 484 1222; x_wconf 83' lang='lat' dir='ltr'><strong>utiliter</strong></span> <span class='ocrx_word' id='word_1_102' title='bbox 503 1172 800 1227; x_wconf 83' lang='lat' dir='ltr'><strong>verecundus,</strong></span> <span class='ocrx_word' id='word_1_103' title='bbox 825 1169 947 1233; x_wconf 88' lang='lat' dir='ltr'><strong>quod</strong></span> <span class='ocrx_word' id='word_1_104' title='bbox 970 1169 1256 1228; x_wconf 76' lang='lat' dir='ltr'><strong>desiderabat,</strong></span> <span class='ocrx_word' id='word_1_105' title='bbox 1278 1171 1498 1218; x_wconf 85' lang='lat' dir='ltr'><strong>inveniret</strong></span> <span class='ocrx_word' id='word_1_106' title='bbox 1516 1187 1600 1234; x_wconf 91' lang='lat' dir='ltr'><strong>po-</strong></span> 
     </span>
     <span class='ocr_line' id='line_1_15' title="bbox 317 1242 1601 1309; baseline -0.002 -16"><span class='ocrx_word' id='word_1_107' title='bbox 317 1247 407 1293; x_wconf 76' lang='lat' dir='ltr'><strong>tius</strong></span> <span class='ocrx_word' id='word_1_108' title='bbox 434 1263 564 1309; x_wconf 86' lang='lat' dir='ltr'><strong>quam</strong></span> <span class='ocrx_word' id='word_1_109' title='bbox 597 1245 826 1307; x_wconf 79' lang='lat' dir='ltr'><strong>acciperet.</strong></span> <span class='ocrx_word' id='word_1_110' title='bbox 855 1242 977 1302; x_wconf 80' lang='lat' dir='ltr'><strong>Quid</strong></span> <span class='ocrx_word' id='word_1_111' title='bbox 1007 1247 1151 1307; x_wconf 83' lang='lat' dir='ltr'><strong>ergo?</strong></span> <span class='ocrx_word' id='word_1_112' title='bbox 1176 1243 1249 1289; x_wconf 89' lang='lat' dir='ltr'><strong>ille</strong></span> <span class='ocrx_word' id='word_1_113' title='bbox 1272 1243 1434 1290; x_wconf 75' lang='lat' dir='ltr'><strong>nesciet</strong></span> <span class='ocrx_word' id='word_1_114' title='bbox 1458 1260 1481 1290; x_wconf 91' lang='lat' dir='ltr'><strong>a</strong></span> <span class='ocrx_word' id='word_1_115' title='bbox 1508 1261 1601 1306; x_wconf 83' lang='lat' dir='ltr'><strong>quo</strong></span> 
     </span>
     <span class='ocr_line' id='line_1_16' title="bbox 318 1315 1600 1381; baseline -0.002 -16"><span class='ocrx_word' id='word_1_116' title='bbox 318 1319 566 1381; x_wconf 80' lang='lat' dir='ltr'><strong>acceperit?</strong></span> <span class='ocrx_word' id='word_1_117' title='bbox 602 1318 801 1364; x_wconf 78' lang='lat' dir='ltr'><strong>Primum</strong></span> <span class='ocrx_word' id='word_1_118' title='bbox 833 1315 1020 1373; x_wconf 81' lang='lat' dir='ltr'><strong>nesciat,</strong></span> <span class='ocrx_word' id='word_1_119' title='bbox 1045 1316 1075 1361; x_wconf 76' lang='lat' dir='ltr'><strong>si</strong></span> <span class='ocrx_word' id='word_1_120' title='bbox 1103 1316 1191 1363; x_wconf 86' lang='lat' dir='ltr'><strong>hoc</strong></span> <span class='ocrx_word' id='word_1_121' title='bbox 1219 1315 1361 1377; x_wconf 88' lang='lat' dir='ltr'><strong>ipsum</strong></span> <span class='ocrx_word' id='word_1_122' title='bbox 1397 1315 1600 1363; x_wconf 83' lang='lat' dir='ltr'><strong>beneficii</strong></span> 
     </span>
     <span class='ocr_line' id='line_1_17' title="bbox 318 1386 1603 1455; baseline -0.002 -19"><span class='ocrx_word' id='word_1_123' title='bbox 318 1408 419 1455; x_wconf 80' lang='lat' dir='ltr'><strong>pars</strong></span> <span class='ocrx_word' id='word_1_124' title='bbox 444 1391 505 1438; x_wconf 84' lang='lat' dir='ltr'><strong>est</strong></span> <span class='ocrx_word' id='word_1_125' title='bbox 524 1428 536 1448; x_wconf 87' lang='lat'>,</span> <span class='ocrx_word' id='word_1_126' title='bbox 566 1390 725 1437; x_wconf 85' lang='lat' dir='ltr'><strong>deinde</strong></span> <span class='ocrx_word' id='word_1_127' title='bbox 747 1388 878 1434; x_wconf 81' lang='lat' dir='ltr'><strong>multa</strong></span> <span class='ocrx_word' id='word_1_128' title='bbox 906 1386 989 1433; x_wconf 72' lang='lat' dir='ltr'><strong>aiia</strong></span> <span class='ocrx_word' id='word_1_129' title='bbox 1016 1386 1171 1434; x_wconf 86' lang='lat' dir='ltr'><strong>faciam</strong></span> <span class='ocrx_word' id='word_1_130' title='bbox 1186 1421 1201 1443; x_wconf 88' lang='lat'>‚</span> <span class='ocrx_word' id='word_1_131' title='bbox 1228 1388 1362 1433; x_wconf 76' lang='lat' dir='ltr'><strong>multa</strong></span> <span class='ocrx_word' id='word_1_132' title='bbox 1383 1388 1571 1434; x_wconf 80' lang='lat' dir='ltr'>tribuam</span> <span class='ocrx_word' id='word_1_133' title='bbox 1588 1425 1603 1447; x_wconf 92' lang='lat'>,</span> 
     </span>
     <span class='ocr_line' id='line_1_18' title="bbox 301 1460 1601 1529; baseline -0.002 -18"><span class='ocrx_word' id='word_1_134' title='bbox 301 1482 398 1529; x_wconf 78' lang='lat' dir='ltr'><strong>per</strong></span> <span class='ocrx_word' id='word_1_135' title='bbox 427 1483 537 1529; x_wconf 80' lang='lat' dir='ltr'><strong>quae</strong></span> <span class='ocrx_word' id='word_1_136' title='bbox 561 1464 767 1527; x_wconf 63' lang='lat' dir='ltr'><strong>inteliigat</strong></span> <span class='ocrx_word' id='word_1_137' title='bbox 796 1473 838 1508; x_wconf 87' lang='lat' dir='ltr'><strong>et</strong></span> <span class='ocrx_word' id='word_1_138' title='bbox 866 1460 978 1508; x_wconf 84' lang='lat' dir='ltr'><strong>illius</strong></span> <span class='ocrx_word' id='word_1_139' title='bbox 1010 1463 1244 1508; x_wconf 61' lang='lat' dir='ltr'><strong>auctorem.</strong></span> <span class='ocrx_word' id='word_1_140' title='bbox 1287 1460 1500 1523; x_wconf 81' lang='lat' dir='ltr'><strong>Denique</strong></span> <span class='ocrx_word' id='word_1_141' title='bbox 1530 1461 1601 1508; x_wconf 87' lang='lat' dir='ltr'><strong>ille</strong></span> 
     </span>
     <span class='ocr_line' id='line_1_19' title="bbox 320 1533 1598 1601; baseline -0.002 -16"><span class='ocrx_word' id='word_1_142' title='bbox 320 1539 480 1586; x_wconf 83' lang='lat' dir='ltr'><strong>nesciat</strong></span> <span class='ocrx_word' id='word_1_143' title='bbox 507 1537 718 1601; x_wconf 64' lang='lat' dir='ltr'><strong>accepisse</strong></span> <span class='ocrx_word' id='word_1_144' title='bbox 748 1537 789 1583; x_wconf 91' lang='lat' dir='ltr'><strong>se</strong></span> <span class='ocrx_word' id='word_1_145' title='bbox 821 1551 940 1598; x_wconf 86' lang='lat' dir='ltr'><strong>:ego</strong></span> <span class='ocrx_word' id='word_1_146' title='bbox 969 1535 1098 1581; x_wconf 86' lang='lat' dir='ltr'><strong>sciam</strong></span> <span class='ocrx_word' id='word_1_147' title='bbox 1131 1552 1199 1581; x_wconf 89' lang='lat' dir='ltr'><strong>me</strong></span> <span class='ocrx_word' id='word_1_148' title='bbox 1225 1533 1401 1582; x_wconf 75' lang='lat' dir='ltr'><strong>dedisse.</strong></span> <span class='ocrx_word' id='word_1_149' title='bbox 1440 1536 1598 1582; x_wconf 85' lang='lat' dir='ltr'><strong>Parum</strong></span> 
     </span>
     <span class='ocr_line' id='line_1_20' title="bbox 320 1606 1604 1675; baseline -0.003 -17"><span class='ocrx_word' id='word_1_150' title='bbox 320 1611 382 1659; x_wconf 85' lang='lat' dir='ltr'><strong>est</strong></span> <span class='ocrx_word' id='word_1_151' title='bbox 406 1649 418 1670; x_wconf 96' lang='lat'>,</span> <span class='ocrx_word' id='word_1_152' title='bbox 454 1612 612 1675; x_wconf 86' lang='lat' dir='ltr'><strong>inquis.</strong></span> <span class='ocrx_word' id='word_1_153' title='bbox 652 1611 833 1663; x_wconf 85' lang='lat' dir='ltr'><strong>Parum,</strong></span> <span class='ocrx_word' id='word_1_154' title='bbox 876 1609 906 1652; x_wconf 87' lang='lat' dir='ltr'>fi</span> <span class='ocrx_word' id='word_1_155' title='bbox 946 1606 1178 1654; x_wconf 85' lang='lat' dir='ltr'><strong>foenerare</strong></span> <span class='ocrx_word' id='word_1_156' title='bbox 1214 1606 1378 1670; x_wconf 81' lang='lat' dir='ltr'>cogitas</span> <span class='ocrx_word' id='word_1_157' title='bbox 1414 1624 1426 1653; x_wconf 75' lang='grc' dir='ltr'><strong><em>ε</em></strong></span> <span class='ocrx_word' id='word_1_158' title='bbox 1464 1606 1536 1654; x_wconf 89' lang='lat' dir='ltr'><strong>sed</strong></span> <span class='ocrx_word' id='word_1_159' title='bbox 1571 1609 1604 1661; x_wconf 83' lang='lat' dir='ltr'><strong>fi</strong></span> 
     </span>
     <span class='ocr_line' id='line_1_21' title="bbox 320 1679 1605 1747; baseline -0.002 -17"><span class='ocrx_word' id='word_1_160' title='bbox 320 1685 423 1730; x_wconf 87' lang='lat' dir='ltr'><strong>dare</strong></span> <span class='ocrx_word' id='word_1_161' title='bbox 442 1700 534 1747; x_wconf 87' lang='lat' dir='ltr'><strong>quo</strong></span> <span class='ocrx_word' id='word_1_162' title='bbox 560 1699 717 1747; x_wconf 80' lang='lat' dir='ltr'><strong>genere</strong></span> <span class='ocrx_word' id='word_1_163' title='bbox 741 1679 973 1744; x_wconf 77' lang='lat' dir='ltr'><strong>accipienti</strong></span> <span class='ocrx_word' id='word_1_164' title='bbox 992 1681 1182 1726; x_wconf 81' lang='lat' dir='ltr'><strong>maxime</strong></span> <span class='ocrx_word' id='word_1_165' title='bbox 1206 1679 1486 1744; x_wconf 86' lang='lat' dir='ltr'><strong>profuturum</strong></span> <span class='ocrx_word' id='word_1_166' title='bbox 1505 1680 1605 1737; x_wconf 78' lang='lat' dir='ltr'><strong>erit,</strong></span> 
     </span>
     <span class='ocr_line' id='line_1_22' title="bbox 323 1751 1604 1813; baseline -0.004 -11"><span class='ocrx_word' id='word_1_167' title='bbox 323 1755 444 1802; x_wconf 82' lang='lat' dir='ltr'><strong>dabis</strong></span> <span class='ocrx_word' id='word_1_168' title='bbox 462 1790 475 1811; x_wconf 88' lang='lat'>,</span> <span class='ocrx_word' id='word_1_169' title='bbox 503 1766 736 1802; x_wconf 84' lang='lat' dir='ltr'><strong>contentus</strong></span> <span class='ocrx_word' id='word_1_170' title='bbox 768 1754 852 1798; x_wconf 83' lang='lat' dir='ltr'><strong>eris</strong></span> <span class='ocrx_word' id='word_1_171' title='bbox 872 1766 914 1798; x_wconf 90' lang='lat' dir='ltr'><strong>te</strong></span> <span class='ocrx_word' id='word_1_172' title='bbox 944 1751 1063 1798; x_wconf 88' lang='lat' dir='ltr'><strong>teste.</strong></span> <span class='ocrx_word' id='word_1_173' title='bbox 1100 1752 1314 1813; x_wconf 82' lang='lat' dir='ltr'><strong>Alioquin</strong></span> <span class='ocrx_word' id='word_1_174' title='bbox 1346 1767 1437 1797; x_wconf 90' lang='lat' dir='ltr'><strong>non</strong></span> <span class='ocrx_word' id='word_1_175' title='bbox 1466 1752 1604 1798; x_wconf 66' lang='lat' dir='ltr'><strong>bene-</strong></span> 
     </span>
     <span class='ocr_line' id='line_1_23' title="bbox 323 1823 1605 1887; baseline -0.004 -13"><span class='ocrx_word' id='word_1_176' title='bbox 323 1828 466 1875; x_wconf 79' lang='lat' dir='ltr'><strong>facere</strong></span> <span class='ocrx_word' id='word_1_177' title='bbox 490 1828 669 1874; x_wconf 63' lang='lat' dir='ltr'><strong>deleEiat</strong></span> <span class='ocrx_word' id='word_1_178' title='bbox 688 1863 700 1882; x_wconf 81' lang='grc'>,</span> <span class='ocrx_word' id='word_1_179' title='bbox 718 1825 790 1873; x_wconf 90' lang='lat' dir='ltr'><strong>sed</strong></span> <span class='ocrx_word' id='word_1_180' title='bbox 809 1825 951 1872; x_wconf 62' lang='lat' dir='ltr'><strong>videri</strong></span> <span class='ocrx_word' id='word_1_181' title='bbox 971 1823 1246 1880; x_wconf 73' lang='lat' dir='ltr'><strong>benefecisse.</strong></span> <span class='ocrx_word' id='word_1_182' title='bbox 1276 1824 1415 1881; x_wconf 90' lang='lat' dir='ltr'><strong>Volo,</strong></span> <span class='ocrx_word' id='word_1_183' title='bbox 1433 1823 1605 1887; x_wconf 87' lang='lat' dir='ltr'><strong>inquis,</strong></span> 
     </span>
     <span class='ocr_line' id='line_1_24' title="bbox 322 1898 1607 1962; baseline -0.005 -13"><span class='ocrx_word' id='word_1_184' title='bbox 322 1901 438 1949; x_wconf 89' lang='lat' dir='ltr'><strong>sciat.</strong></span> <span class='ocrx_word' id='word_1_185' title='bbox 473 1900 718 1947; x_wconf 84' lang='lat' dir='ltr'><strong>debitorem</strong></span> <span class='ocrx_word' id='word_1_186' title='bbox 749 1900 932 1962; x_wconf 79' lang='lat' dir='ltr'><strong>quaeris.</strong></span> <span class='ocrx_word' id='word_1_187' title='bbox 978 1899 1102 1945; x_wconf 89' lang='lat' dir='ltr'><strong>Volo</strong></span> <span class='ocrx_word' id='word_1_188' title='bbox 1135 1900 1286 1961; x_wconf 73' lang='lat' dir='ltr'><strong>utique</strong></span> <span class='ocrx_word' id='word_1_189' title='bbox 1312 1899 1430 1945; x_wconf 86' lang='lat' dir='ltr'><strong>sciat.</strong></span> <span class='ocrx_word' id='word_1_190' title='bbox 1468 1898 1607 1961; x_wconf 88' lang='lat' dir='ltr'><strong>quid,</strong></span> 
     </span>
     <span class='ocr_line' id='line_1_25' title="bbox 323 1970 1606 2034; baseline -0.001 -15"><span class='ocrx_word' id='word_1_191' title='bbox 323 1973 356 2019; x_wconf 84' lang='lat' dir='ltr'>fi</span> <span class='ocrx_word' id='word_1_192' title='bbox 373 1973 435 2019; x_wconf 84' lang='lat' dir='ltr'><strong>illi</strong></span> <span class='ocrx_word' id='word_1_193' title='bbox 454 1973 599 2019; x_wconf 80' lang='lat' dir='ltr'><strong>utilius</strong></span> <span class='ocrx_word' id='word_1_194' title='bbox 624 1973 685 2018; x_wconf 81' lang='lat' dir='ltr'><strong>est</strong></span> <span class='ocrx_word' id='word_1_195' title='bbox 710 1973 904 2019; x_wconf 76' lang='lat' dir='ltr'><strong>nescire?</strong></span> <span class='ocrx_word' id='word_1_196' title='bbox 923 1973 951 2017; x_wconf 83' lang='lat' dir='ltr'>fi</span> <span class='ocrx_word' id='word_1_197' title='bbox 974 1972 1195 2018; x_wconf 82' lang='lat' dir='ltr'><strong>honestius</strong></span> <span class='ocrx_word' id='word_1_198' title='bbox 1209 2008 1222 2029; x_wconf 86' lang='lat'>,</span> <span class='ocrx_word' id='word_1_199' title='bbox 1246 1970 1276 2016; x_wconf 88' lang='lat' dir='ltr'><strong>fi</strong></span> <span class='ocrx_word' id='word_1_200' title='bbox 1296 1971 1458 2034; x_wconf 76' lang='lat' dir='ltr'><strong>gratius</strong></span> <span class='ocrx_word' id='word_1_201' title='bbox 1476 1972 1493 2018; x_wconf 86' lang='lat'>?</span> <span class='ocrx_word' id='word_1_202' title='bbox 1512 1987 1606 2018; x_wconf 82' lang='lat' dir='ltr'><strong>non</strong></span> 
     </span>
     <span class='ocr_line' id='line_1_26' title="bbox 321 2043 1606 2108; baseline -0.005 -12"><span class='ocrx_word' id='word_1_203' title='bbox 321 2050 368 2097; x_wconf 84' lang='lat' dir='ltr'><strong>in</strong></span> <span class='ocrx_word' id='word_1_204' title='bbox 397 2048 524 2094; x_wconf 83' lang='lat' dir='ltr'><strong>aliam</strong></span> <span class='ocrx_word' id='word_1_205' title='bbox 555 2060 720 2108; x_wconf 81' lang='lat' dir='ltr'><strong>partem</strong></span> <span class='ocrx_word' id='word_1_206' title='bbox 745 2046 916 2092; x_wconf 66' lang='lat' dir='ltr'><strong>abibis?</strong></span> <span class='ocrx_word' id='word_1_207' title='bbox 939 2046 1060 2091; x_wconf 66' lang='lat' dir='ltr'><strong>Volo</strong></span> <span class='ocrx_word' id='word_1_208' title='bbox 1080 2044 1183 2091; x_wconf 83' lang='lat' dir='ltr'><strong>sciat</strong></span> <span class='ocrx_word' id='word_1_209' title='bbox 1201 2063 1214 2090; x_wconf 66' lang='grc' dir='ltr'>ε</span> <span class='ocrx_word' id='word_1_210' title='bbox 1234 2045 1290 2090; x_wconf 84' lang='lat' dir='ltr'><strong>ita</strong></span> <span class='ocrx_word' id='word_1_211' title='bbox 1310 2056 1356 2090; x_wconf 83' lang='lat' dir='ltr'><strong>tu</strong></span> <span class='ocrx_word' id='word_1_212' title='bbox 1374 2043 1606 2091; x_wconf 83' lang='lat' dir='ltr'><strong>hominem</strong></span> 
     </span>
     <span class='ocr_line' id='line_1_27' title="bbox 324 2115 1606 2180; baseline -0.005 -12"><span class='ocrx_word' id='word_1_213' title='bbox 324 2131 416 2169; x_wconf 84' lang='lat' dir='ltr'><strong>non</strong></span> <span class='ocrx_word' id='word_1_214' title='bbox 440 2119 631 2167; x_wconf 83' lang='lat' dir='ltr'><strong>servabis</strong></span> <span class='ocrx_word' id='word_1_215' title='bbox 655 2118 699 2165; x_wconf 83' lang='lat' dir='ltr'><strong>in</strong></span> <span class='ocrx_word' id='word_1_216' title='bbox 731 2119 955 2165; x_wconf 82' lang='lat' dir='ltr'><strong>tenebris?</strong></span> <span class='ocrx_word' id='word_1_217' title='bbox 993 2119 1099 2163; x_wconf 89' lang='lat' dir='ltr'><strong>Non</strong></span> <span class='ocrx_word' id='word_1_218' title='bbox 1127 2133 1262 2180; x_wconf 82' lang='lat' dir='ltr'><strong>nego,</strong></span> <span class='ocrx_word' id='word_1_219' title='bbox 1291 2115 1463 2179; x_wconf 81' lang='lat' dir='ltr'><strong>quoties</strong></span> <span class='ocrx_word' id='word_1_220' title='bbox 1491 2115 1606 2179; x_wconf 74' lang='lat' dir='ltr'><strong>pati-</strong></span> 
     </span>
     <span class='ocr_line' id='line_1_28' title="bbox 309 2191 1607 2257; baseline -0.005 -15"><span class='ocrx_word' id='word_1_221' title='bbox 309 2210 396 2243; x_wconf 83' lang='lat' dir='ltr'><strong>·tur</strong></span> <span class='ocrx_word' id='word_1_222' title='bbox 425 2212 493 2242; x_wconf 86' lang='lat' dir='ltr'><strong>res</strong></span> <span class='ocrx_word' id='word_1_223' title='bbox 513 2231 526 2253; x_wconf 91' lang='lat'>‚</span> <span class='ocrx_word' id='word_1_224' title='bbox 555 2194 892 2257; x_wconf 84' lang='lat' dir='ltr'><strong>percipiendum</strong></span> <span class='ocrx_word' id='word_1_225' title='bbox 921 2193 1128 2257; x_wconf 86' lang='lat' dir='ltr'><strong>gaudium</strong></span> <span class='ocrx_word' id='word_1_226' title='bbox 1152 2210 1208 2238; x_wconf 78' lang='lat' dir='ltr'><strong>ex</strong></span> <span class='ocrx_word' id='word_1_227' title='bbox 1240 2191 1493 2254; x_wconf 82' lang='lat' dir='ltr'><strong>accipientis</strong></span> <span class='ocrx_word' id='word_1_228' title='bbox 1518 2206 1607 2237; x_wconf 89' lang='lat' dir='ltr'><strong>vo-</strong></span> 
     </span>
     <span class='ocr_line' id='line_1_29' title="bbox 324 2260 1607 2326; baseline -0.006 -12"><span class='ocrx_word' id='word_1_229' title='bbox 324 2269 486 2314; x_wconf 71' lang='lat' dir='ltr'><strong>luntate</strong></span> <span class='ocrx_word' id='word_1_230' title='bbox 505 2285 517 2312; x_wconf 88' lang='lat'><strong>:-</strong></span> <span class='ocrx_word' id='word_1_231' title='bbox 539 2265 600 2311; x_wconf 83' lang='lat' dir='ltr'><strong>fin</strong></span> <span class='ocrx_word' id='word_1_232' title='bbox 623 2265 823 2311; x_wconf 77' lang='lat' dir='ltr'><strong>adiuvari</strong></span> <span class='ocrx_word' id='word_1_233' title='bbox 855 2266 973 2311; x_wconf 77' lang='lat' dir='ltr'><strong>illum</strong></span> <span class='ocrx_word' id='word_1_234' title='bbox 1001 2278 1044 2311; x_wconf 83' lang='lat' dir='ltr'><strong>et</strong></span> <span class='ocrx_word' id='word_1_235' title='bbox 1069 2275 1276 2326; x_wconf 81' lang='lat' dir='ltr'><strong>oporte-t,</strong></span> <span class='ocrx_word' id='word_1_236' title='bbox 1306 2277 1349 2309; x_wconf 83' lang='lat' dir='ltr'><strong>et</strong></span> <span class='ocrx_word' id='word_1_237' title='bbox 1379 2264 1546 2324; x_wconf 87' lang='lat' dir='ltr'><strong>pudet;</strong></span> <span class='ocrx_word' id='word_1_238' title='bbox 1576 2260 1607 2306; x_wconf 77' lang='lat' dir='ltr'>fi</span> 
     </span>
     <span class='ocr_line' id='line_1_30' title="bbox 324 2338 1606 2405; baseline -0.004 -17"><span class='ocrx_word' id='word_1_239' title='bbox 324 2344 449 2403; x_wconf 80' lang='lat' dir='ltr'><strong>quod</strong></span> <span class='ocrx_word' id='word_1_240' title='bbox 476 2341 762 2405; x_wconf 82' lang='lat' dir='ltr'><strong>praestamus,</strong></span> <span class='ocrx_word' id='word_1_241' title='bbox 789 2340 1002 2397; x_wconf 79' lang='lat' dir='ltr'><strong>offendit,</strong></span> <span class='ocrx_word' id='word_1_242' title='bbox 1025 2340 1101 2387; x_wconf 80' lang='lat' dir='ltr'><strong>nisi</strong></span> <span class='ocrx_word' id='word_1_243' title='bbox 1129 2339 1441 2386; x_wconf 80' lang='lat' dir='ltr'><strong>absconditur:</strong></span> <span class='ocrx_word' id='word_1_244' title='bbox 1470 2338 1606 2384; x_wconf 80' lang='lat' dir='ltr'><strong>bene—</strong></span> 
     </span>
     <span class='ocr_line' id='line_1_31' title="bbox 309 2410 1608 2476; baseline -0.004 -16"><span class='ocrx_word' id='word_1_245' title='bbox 309 2414 476 2461; x_wconf 78' lang='lat' dir='ltr'><strong>·ficium</strong></span> <span class='ocrx_word' id='word_1_246' title='bbox 501 2415 545 2461; x_wconf 89' lang='lat' dir='ltr'><strong>in</strong></span> <span class='ocrx_word' id='word_1_247' title='bbox 571 2416 661 2461; x_wconf 60' lang='lat' dir='ltr'><strong>acta</strong></span> <span class='ocrx_word' id='word_1_248' title='bbox 689 2431 781 2461; x_wconf 85' lang='lat' dir='ltr'><strong>non</strong></span> <span class='ocrx_word' id='word_1_249' title='bbox 806 2414 949 2460; x_wconf 87' lang='lat' dir='ltr'><strong>mitto.</strong></span> <span class='ocrx_word' id='word_1_250' title='bbox 972 2413 1144 2474; x_wconf 84' lang='lat' dir='ltr'><strong>Quidni</strong></span> <span class='ocrx_word' id='word_1_251' title='bbox 1165 2414 1183 2459; x_wconf 67' lang='grc' dir='ltr'><strong><em>ἓ</em></strong></span> <span class='ocrx_word' id='word_1_252' title='bbox 1211 2429 1295 2476; x_wconf 79' lang='lat' dir='ltr'><strong>ego</strong></span> <span class='ocrx_word' id='word_1_253' title='bbox 1321 2413 1379 2457; x_wconf 84' lang='lat' dir='ltr'><strong>illi</strong></span> <span class='ocrx_word' id='word_1_254' title='bbox 1405 2427 1495 2456; x_wconf 90' lang='lat' dir='ltr'><strong>non</strong></span> <span class='ocrx_word' id='word_1_255' title='bbox 1514 2410 1608 2456; x_wconf 82' lang='lat' dir='ltr'><strong>sum</strong></span> 
     </span>
     <span class='ocr_line' id='line_1_32' title="bbox 322 2485 1605 2554; baseline -0.005 -19"><span class='ocrx_word' id='word_1_256' title='bbox 322 2487 588 2543; x_wconf 71' lang='lat' dir='ltr'><strong>indicaturus</strong></span> <span class='ocrx_word' id='word_1_257' title='bbox 619 2504 690 2535; x_wconf 89' lang='lat' dir='ltr'><strong>me</strong></span> <span class='ocrx_word' id='word_1_258' title='bbox 724 2485 914 2541; x_wconf 76' lang='lat' dir='ltr'><strong>dedisse:</strong></span> <span class='ocrx_word' id='word_1_259' title='bbox 937 2503 1039 2543; x_wconf 72' lang='lat' dir='ltr'><strong>cum</strong></span> <span class='ocrx_word' id='word_1_260' title='bbox 1066 2486 1179 2538; x_wconf 85' lang='lat' dir='ltr'><strong>inter</strong></span> <span class='ocrx_word' id='word_1_261' title='bbox 1203 2486 1343 2549; x_wconf 87' lang='lat' dir='ltr'><strong>prima</strong></span> <span class='ocrx_word' id='word_1_262' title='bbox 1373 2497 1605 2554; x_wconf 75' lang='lat' dir='ltr'><strong>praecepta</strong></span> 
     </span>
    </p>
   </div>
  </div>
 </body>
</html>
