1742 2967
268 207 352 238 102
521 192 568 239 L.
613 190 913 237 ANNAEI
964 190 1315 237 SENECAE

257 298 321 345 bit
343 298 630 363 philosophus
648 299 815 362 amplas
834 314 943 362 opes
962 315 972 343 z
990 297 1065 344 sed
1082 297 1186 344 nulli
1202 298 1413 346 detrafihts
1427 333 1442 357 ,
1458 314 1541 346 nec

258 370 405 418 alieno
422 371 627 436 sanguine
650 382 845 418 cruentas
857 369 971 427 ,fine
991 369 1246 434 cuiusquam
1267 370 1424 417 iniuria
1442 387 1542 433 par-

258 461 322 495 tas
338 483 351 506 ,
387 447 473 494 fine
499 447 685 494 sordidis
710 445 955 509 quaestibus
972 481 984 503 ‚
1016 462 1201 507 quarum
1222 458 1309 493 tam
1337 446 1542 493 honestus

258 522 309 567 fit
333 520 473 568 exitus
497 537 628 584 quam
659 519 890 578 introitus,
914 518 1073 582 quibus
1096 537 1230 566 nemo
1257 520 1540 584 ingemiscat,

260 593 338 640 nifi
362 593 588 657 malignus.
612 595 660 638 In
681 603 889 655 quantum
911 590 1005 648 vis,
1030 607 1241 654 exaggera
1264 593 1376 648 illas,
1401 593 1539 640 hone-

261 665 346 711 stae
368 666 492 713 sunt:
514 665 560 711 in
579 664 740 728 quibus
760 681 860 711 cum
881 663 1015 709 multa
1038 663 1116 709 sint
1137 681 1246 726 quae
1266 664 1452 728 quisque
1471 666 1542 711 sua

261 738 407 786 dicere
442 737 548 785 velit
568 773 582 795 ‚
612 736 717 783 nihil
750 737 812 784 est
846 737 969 801 quod
998 737 1227 798 quisquam
1257 738 1379 784 suum
1412 738 1543 800 possit

261 810 419 858 dicere.
439 810 514 857 Ille
533 826 643 858 vero
665 808 871 856 fortunae
896 809 1206 873 benignitatem
1235 827 1257 856 a
1275 810 1315 856 se
1333 826 1424 856 non
1441 810 1543 857 sub—

261 883 498 941 movebit,
533 895 577 929 et
610 881 882 945 patrimonio
915 898 993 945 per
1029 881 1207 929 honesta
1242 884 1434 947 quaesito
1465 901 1544 930 nec

261 957 519 1022 gloriabitur
532 993 546 1015 ‚
572 974 652 1004 nec
672 957 909 1003 erubescet.
930 956 1119 1002 Habebit
1138 969 1283 1004 tamen
1303 958 1432 1004 etiam
1452 975 1546 1021 quo

263 1030 498 1094 glorietur,
517 1031 547 1076 si
567 1044 715 1092 aperta
734 1030 899 1084 domo,
919 1040 962 1074 et
982 1028 1157 1076 admissa
1178 1030 1222 1076 in
1244 1047 1310 1077 res
1328 1031 1419 1077 suas
1433 1031 1544 1077 civi-

261 1115 371 1162 tate,
391 1103 555 1166 poterit
572 1102 718 1149 dicere
738 1119 748 1148 :
771 1101 914 1161 Quod
936 1101 1120 1163 quisque
1138 1102 1259 1148 suum
1280 1104 1513 1166 agnoverit
1531 1136 1544 1158 ‚

262 1176 398 1223 tollat.
427 1178 472 1222 O
495 1191 699 1239 magnum
725 1175 901 1230 virum,
934 1173 1102 1236 optime
1129 1174 1308 1222 divitem
1330 1211 1345 1232 ,
1373 1175 1402 1222 si
1433 1193 1547 1239 opus

263 1251 317 1297 ad
344 1251 455 1296 hanc
481 1266 643 1296 vocem
673 1245 908 1295 consonet!
938 1246 967 1291 fi
993 1246 1092 1309 post
1123 1248 1235 1294 hanc
1258 1265 1420 1296 vocem
1450 1261 1546 1295 tan-

263 1322 442 1368 tundem
471 1320 693 1368 habuerit!
721 1320 778 1366 ita
800 1320 903 1365 dico
919 1355 933 1376 ,
951 1318 980 1364 st
1001 1331 1116 1367 tutus
1137 1334 1179 1368 et
1199 1321 1369 1369 securus
1388 1321 1547 1368 scrutass

261 1395 433 1442 tionem
465 1394 638 1458 populo
670 1391 947 1456 praebuerit:
979 1391 1009 1438 s1
1035 1393 1141 1439 nihil
1172 1395 1404 1457 quisquam
1431 1396 1548 1457 apud

264 1469 387 1515 illum
405 1468 654 1525 invenerit,
672 1483 764 1529 quo
785 1481 937 1511 manus
955 1463 1119 1512 iniiciat
1138 1484 1147 1512 :
1166 1468 1369 1514 audacter
1382 1482 1425 1514 et
1443 1484 1547 1528 pro-

261 1542 406 1606 palam
425 1542 506 1589 erit
528 1542 666 1589 dives.
697 1539 815 1585 Sicut
838 1536 1005 1599 sapiens
1030 1539 1196 1585 nullum
1227 1539 1454 1586 denarium
1476 1539 1547 1586 in-

263 1627 328 1664 tra
345 1615 480 1662 limen
499 1614 621 1662 suum
640 1612 866 1668 admittet,
896 1611 1007 1658 male
1026 1611 1283 1659 intrantem:
1303 1613 1362 1660 ita
1388 1625 1431 1660 et
1453 1631 1547 1660 ma-

265 1705 369 1753 gnas
388 1706 512 1751 opes,
530 1704 687 1735 munus
704 1686 924 1741 fortunae,
942 1683 1220 1750 fructumque
1239 1687 1436 1743 virtutis,
1458 1705 1549 1735 non

261 1762 537 1825 repudiabit,
567 1777 649 1809 nec
673 1759 887 1807 excludet.
919 1756 1042 1816 Quid
1061 1758 1177 1804 enim
1204 1758 1286 1816 est,
1313 1777 1446 1823 quare
1469 1760 1550 1807 illis

266 1835 438 1883 bonum
474 1836 623 1882 locum
653 1833 879 1880 invideat?
908 1831 1105 1887 veniant,
1137 1831 1423 1894 hospitentur.
1454 1834 1550 1880 Nec

265 1908 439 1956 iactabit
457 1908 569 1965 illas,
601 1925 682 1955 nee
704 1905 951 1952 abscondet.
980 1903 1164 1949 alterum
1189 1902 1389 1951 infruniti
1416 1903 1551 1951 animi

268 1980 357 2036 est;
391 1981 572 2027 alterum
592 1978 736 2026 timidi
753 1990 795 2024 et
814 1974 977 2039 pusilli,
1003 1975 1120 2022 velut
1146 1992 1353 2039 magnum
1378 1976 1548 2024 bonum

267 2052 382 2100 intra
403 2052 540 2099 finum
562 2050 842 2099 continentis.
864 2049 959 2094 Nec
977 2079 990 2102 ‚
1024 2060 1070 2093 ut
1097 2047 1212 2105 dixi,
1243 2047 1386 2095 eiiciet
1410 2048 1502 2097 illas
1526 2066 1552 2096 e

267 2126 422 2171 domo.
443 2124 567 2185 Quid
587 2123 704 2170 enim
726 2120 868 2168 dicet?
890 2131 1091 2166 utrumne
1105 2154 1118 2176 ‚
1143 2119 1315 2167 inutiles
1339 2118 1436 2167 estis
1455 2137 1464 2166 :
1482 2137 1552 2176 an,

269 2200 368 2259 Ego
390 2195 454 2243 uti
474 2195 638 2243 divitiis
657 2193 835 2241 nescio?
861 2191 1252 2252 Quemadmodum
1270 2192 1399 2238 etiam
1421 2193 1450 2238 si
1471 2212 1551 2257 pe-

269 2270 396 2316 dibus
410 2269 492 2316 suis
506 2268 671 2332 poterit
691 2268 773 2315 iter
790 2265 1011 2314 conficere
1024 2300 1036 2322 ,
1057 2265 1287 2312 escendere
1307 2278 1451 2313 tamen
1472 2284 1552 2314 ve-

269 2344 463 2391 hiculum
484 2343 640 2390 malet:
661 2341 718 2387 stc
736 2339 765 2385 fi
788 2338 950 2403 poterit
974 2338 1058 2386 effe
1078 2339 1226 2396 dives,
1244 2339 1368 2387 volet
1387 2357 1398 2385 ε
1417 2350 1459 2385 et
1475 2339 1551 2384 ha-

271 2416 394 2464 bebit
413 2415 564 2479 utique
589 2431 728 2478 opes,
752 2413 825 2460 sed
844 2425 1047 2474 tanquam
1070 2411 1187 2458 leves
1211 2425 1254 2458 et
1281 2411 1548 2459 avolaturas:

273 2503 356 2537 nec
384 2487 460 2538 ulti
480 2487 577 2548 alii,
606 2504 692 2542 nec
713 2485 789 2534 fibi
819 2501 973 2550 graves
1001 2483 1084 2532 esse
1112 2485 1312 2548 patietur.
1342 2482 1553 2532 Donabit.
