1742 2967
344 186 442 234 DE
498 185 941 232 BENEFICIIS
989 187 1115 233 LIB.
1167 189 1223 234 V.
1339 189 1425 252 265

152 291 223 341 vis
249 289 320 337 ille
343 289 458 336 dicat
490 288 600 347 effe,
623 305 666 336 et
695 290 889 353 gaudeat.
923 289 1236 337 Infidiofiffime
1267 303 1428 350 nocet,

154 364 225 412 cui
248 363 406 427 gratiae
435 375 618 425 aguntur
644 379 728 424 pro
755 363 926 409 iniuria.
957 363 1119 410 Video.
1155 364 1334 410 Prodest
1355 367 1434 412 ali-

155 454 240 502 qua
260 453 354 495 res,
375 450 418 482 et
443 436 546 482 ideo
571 435 834 482 beneficium
856 436 943 482 est:
970 449 1104 483 nocet
1118 472 1132 495 ‚
1148 449 1190 483 et
1216 437 1318 484 ideo
1339 455 1433 485 non

155 510 217 558 est
243 507 520 558 beneficium.
547 512 686 568 Ecce,
711 511 834 571 quod
858 526 939 556 nec
958 510 1120 573 profit,
1148 526 1229 556 nec
1251 524 1436 568 noceat,

157 585 273 631 dabo
297 601 309 631 ε
336 596 379 630 et
409 596 555 631 tamen
585 582 846 630 beneficium
880 575 954 629 est.
988 585 1158 630 Patrem
1179 583 1356 630 alicuius
1387 584 1434 629 in

157 658 390 705 solitudine
421 658 664 704 exanimem
697 657 883 714 inveni,
921 672 1085 718 corpus
1117 656 1208 703 eius
1242 657 1435 718 sepelivi.

158 748 239 778 nec
270 731 347 794 ipfi
374 731 524 794 profui
552 731 682 795 (quid
708 732 825 777 enim
845 731 960 777 illius
988 731 1218 786 intererat,
1248 747 1339 793 quo
1358 747 1436 793 ge·

161 822 264 853 nere
281 806 545 853 dilaberetur
565 803 608 869 ?)
627 822 708 852 nec
726 805 839 852 filio:
858 804 967 868 quid
984 804 1100 859 enim
1119 820 1197 867 per
1214 805 1300 851 hoc
1313 821 1439 852 com-

159 878 287 925 modi
316 878 490 925 accessit
521 878 614 924 illi?
648 878 809 925 Dicam
837 878 942 940 quid
971 877 1232 924 consecutus
1256 877 1334 923 sit:
1367 876 1440 924 of·-

160 951 268 999 ficio
289 952 493 999 sollemni
510 965 554 999 et
571 952 811 1000 necessario
830 968 910 1014 per
928 969 998 998 me
1019 951 1189 998 functus
1211 950 1284 998 est.
1313 953 1440 998 Prae-

160 1024 246 1074 stiti
277 1025 387 1088 patri
427 1026 518 1073 eius
537 1062 550 1083 ‚
581 1026 703 1088 quod
730 1025 819 1087 ipse
862 1025 1077 1088 praestare
1103 1024 1330 1082 voluisset,
1360 1041 1443 1070 nec

160 1113 252 1143 non
277 1108 319 1143 et
349 1097 577 1144 debuisset.
615 1100 717 1143 Hoc
743 1110 890 1146 tamen
920 1096 980 1143 ita
1008 1094 1271 1143 beneficium
1299 1095 1384 1153 est,
1409 1096 1442 1142 fi

159 1189 254 1217 non
282 1171 604 1217 misericordiae
630 1181 675 1218 et
702 1169 959 1216 humanitati
988 1168 1117 1224 dedi,
1139 1183 1187 1215 ut
1212 1169 1443 1232 quodlibet

163 1248 351 1294 cadaver
380 1246 724 1292 absconderem:
751 1242 824 1290 sed
843 1243 873 1289 fi
900 1259 1060 1305 corpus
1088 1242 1281 1306 agnovi,
1299 1240 1328 1287 fi
1349 1240 1442 1287 filio

165 1331 271 1366 tunc
291 1319 378 1365 hoc
396 1318 608 1381 praestare
633 1334 705 1364 me
729 1315 939 1380 cogitavi.
967 1319 1023 1362 At
1042 1315 1073 1361 fi
1097 1327 1254 1361 terram
1283 1314 1444 1377 ignoto

162 1408 348 1440 mortuo
379 1392 547 1449 inieci,
575 1391 745 1438 nullum
774 1391 915 1437 habeo
946 1389 1072 1436 huius
1100 1388 1237 1434 officii
1265 1387 1444 1434 debito-

162 1482 280 1521 rem,
300 1466 343 1511 in
356 1465 588 1540 publicum
612 1464 836 1520 humanus.
858 1463 993 1509 Dicet
1013 1460 1163 1524 aliquis
1177 1496 1192 1519 ,
1213 1460 1334 1520 Quid
1351 1476 1446 1506 tan-

162 1550 318 1600 topere
345 1536 537 1600 quaeris,
559 1535 630 1583 cui
655 1535 824 1582 dederis
849 1533 1135 1590 beneficium,
1157 1546 1358 1596 tanquam
1376 1549 1447 1578 re-

165 1611 379 1675 petiturus
404 1610 672 1673 aliquando?
703 1610 811 1656 Sunt
836 1609 910 1672 qui
931 1625 1153 1672 nunquam
1172 1608 1365 1654 iudicant
1381 1605 1446 1652 es-

163 1686 206 1732 se
233 1685 546 1748 repetendum,
566 1694 608 1730 et
627 1683 702 1729 has
729 1681 872 1728 causas
893 1680 1092 1728 afferunt.
1126 1681 1330 1744 Indignus
1346 1712 1360 1734 ‚
1380 1692 1448 1726 et-

164 1760 252 1807 iam
282 1759 497 1821 repetenti
525 1774 617 1803 non
647 1757 826 1802 reddet:
846 1757 1028 1818 dignus,
1051 1754 1140 1817 ipse
1167 1770 1245 1815 per
1270 1753 1311 1799 se
1332 1752 1448 1799 refe-

171 1845 250 1879 ret.
280 1834 501 1878 Praeterea
523 1830 552 1875 fi
579 1831 703 1876 bono
734 1828 834 1875 viro
856 1827 1007 1873 dedisti
1025 1863 1038 1883 ‚
1065 1826 1284 1888 exspect&
1305 1841 1356 1872 ne
1375 1824 1448 1870 in-

169 1907 326 1956 iuriam
341 1905 401 1952 illi
421 1905 550 1952 facias
571 1903 853 1965 appellando,
873 1913 1080 1964 tanquam
1104 1916 1194 1945 non
1213 1898 1357 1945 fuiffet
1376 1898 1448 1944 sua

167 1981 323 2044 sponte
348 1979 611 2026 redditurus.
635 1974 665 2020 fi
687 1975 804 2020 malo
824 1975 925 2019 viro
946 1972 1122 2030 dedisti,
1145 1972 1347 2035 plectere.
1373 1969 1448 2018 Be-

169 2053 378 2101 neficium
411 2052 552 2100 verbo
580 2067 635 2097 ne
666 2049 947 2112 corruperis,
983 2047 1200 2094 creditum
1232 2045 1448 2093 faciendo.

171 2127 429 2181 Praeterea,
460 2123 530 2169 lex
555 2121 678 2185 quod
702 2136 791 2165 non
811 2119 925 2166 iuffit
952 2118 1116 2182 repeti,
1141 2118 1293 2166 vetuit.
1333 2121 1448 2163 Vera

169 2197 266 2244 sunt
301 2195 391 2242 ista.
431 2194 644 2259 quamdiu
680 2209 751 2238 me
782 2192 888 2236 nihil
927 2204 1076 2255 urget,
1107 2190 1317 2255 quamdiu
1345 2189 1442 2235 for-

169 2281 273 2316 tuna
298 2269 407 2316 nihil
432 2268 554 2332 cogit
570 2305 583 2326 ,
606 2280 749 2330 petam
772 2267 917 2328 potius
938 2265 1197 2314 beneficium
1220 2281 1351 2327 quam
1376 2280 1444 2310 re·

171 2358 317 2406 petam
339 2360 350 2388 ε
376 2342 447 2389 sed
471 2343 498 2388 fi
529 2343 584 2388 de
614 2340 746 2386 salute
771 2339 1013 2386 liberorum
1039 2339 1206 2402 agitur,
1239 2337 1269 2382 fi
1289 2336 1333 2381 in
1361 2354 1444 2399 pe-

172 2417 360 2464 riculum
391 2432 507 2463 uxor
533 2414 783 2471 deducitur,
815 2414 844 2458 si
868 2413 1031 2476 patriae
1063 2412 1170 2457 salus
1198 2428 1248 2458 ac
1274 2410 1447 2456 libertas

173 2490 306 2538 mittit
338 2506 410 2537 me
438 2490 566 2537 etiam
598 2493 690 2552 quo
717 2489 780 2536 ire
809 2486 1002 2548 nollem,
1028 2485 1256 2549 imperabo
1287 2482 1443 2547 pudori
