<?xml version="1.0" encoding="UTF-8"?>
<!DOCTYPE html PUBLIC "-//W3C//DTD XHTML 1.0 Transitional//EN"
    "http://www.w3.org/TR/xhtml1/DTD/xhtml1-transitional.dtd">
<html xmlns="http://www.w3.org/1999/xhtml" xml:lang="en" lang="en">
 <head>
  <title>
</title>
<meta http-equiv="Content-Type" content="text/html;charset=utf-8" />
  <meta name='ocr-system' content='tesseract 3.04.00' />
  <meta name='ocr-capabilities' content='ocr_page ocr_carea ocr_par ocr_line ocrx_word'/>
</head>
<body>
  <div class='ocr_page' id='page_1' title='image "./lannaeisenecaeph02seneuoft_0010.png"; bbox 0 0 1742 2967; ppageno 0'>
   <div class='ocr_carea' id='block_1_1' title="bbox 286 188 1348 249">
    <p class='ocr_par' dir='ltr' id='par_1_1' title="bbox 286 188 1348 249">
     <span class='ocr_line' id='line_1_1' title="bbox 286 188 1348 249; baseline 0.001 -14"><span class='ocrx_word' id='word_1_1' title='bbox 286 207 321 249; x_wconf 73' lang='lat'><strong>4</strong></span> <span class='ocrx_word' id='word_1_2' title='bbox 543 190 594 237; x_wconf 83' lang='lat' dir='ltr'>L.</span> <span class='ocrx_word' id='word_1_3' title='bbox 647 188 944 235; x_wconf 72' lang='lat' dir='ltr'>ANNAEI</span> <span class='ocrx_word' id='word_1_4' title='bbox 991 188 1348 236; x_wconf 77' lang='lat' dir='ltr'>SENECAE</span> 
     </span>
    </p>
   </div>
   <div class='ocr_carea' id='block_1_2' title="bbox 339 294 1572 530">
    <p class='ocr_par' dir='ltr' id='par_1_2' title="bbox 339 294 1572 530">
     <span class='ocr_line' id='line_1_2' title="bbox 344 294 1572 346; baseline 0.002 -13"><span class='ocrx_word' id='word_1_5' title='bbox 344 308 406 333; x_wconf 76' lang='lat' dir='ltr'>aut</span> <span class='ocrx_word' id='word_1_6' title='bbox 427 297 603 343; x_wconf 74' lang='lat' dir='ltr'>emendet,</span> <span class='ocrx_word' id='word_1_7' title='bbox 629 308 690 334; x_wconf 64' lang='lat' dir='ltr'>alst</span> <span class='ocrx_word' id='word_1_8' title='bbox 714 296 807 333; x_wconf 68' lang='lat' dir='ltr'>alios</span> <span class='ocrx_word' id='word_1_9' title='bbox 827 294 948 346; x_wconf 76' lang='lat' dir='ltr'>saciat</span> <span class='ocrx_word' id='word_1_10' title='bbox 977 294 1156 341; x_wconf 84' lang='lat' dir='ltr'>meliores,</span> <span class='ocrx_word' id='word_1_11' title='bbox 1172 296 1247 346; x_wconf 80' lang='lat' dir='ltr'>five</span> <span class='ocrx_word' id='word_1_12' title='bbox 1273 296 1428 335; x_wconf 78' lang='lat' dir='ltr'>tutiores.</span> <span class='ocrx_word' id='word_1_13' title='bbox 1469 296 1572 336; x_wconf 73' lang='lat' dir='ltr'>Haec</span> 
     </span>
     <span class='ocr_line' id='line_1_3' title="bbox 342 356 1572 411; baseline 0.002 -16"><span class='ocrx_word' id='word_1_14' title='bbox 342 368 456 395; x_wconf 67' lang='lat' dir='ltr'>alitem</span> <span class='ocrx_word' id='word_1_15' title='bbox 483 358 599 396; x_wconf 78' lang='lat' dir='ltr'>omnia</span> <span class='ocrx_word' id='word_1_16' title='bbox 625 358 738 410; x_wconf 74' lang='lat' dir='ltr'>magis</span> <span class='ocrx_word' id='word_1_17' title='bbox 758 357 887 394; x_wconf 69' lang='lat' dir='ltr'>raritas</span> <span class='ocrx_word' id='word_1_18' title='bbox 907 356 1238 408; x_wconf 68' lang='lat' dir='ltr'>animadversionum</span> <span class='ocrx_word' id='word_1_19' title='bbox 1254 356 1462 410; x_wconf 75' lang='lat' dir='ltr'>praestabit:</span> <span class='ocrx_word' id='word_1_20' title='bbox 1487 374 1572 411; x_wconf 79' lang='lat' dir='ltr'>quae</span> 
     </span>
     <span class='ocr_line' id='line_1_4' title="bbox 344 416 1570 473; baseline 0.003 -18"><span class='ocrx_word' id='word_1_21' title='bbox 344 419 477 456; x_wconf 75' lang='lat' dir='ltr'><em>crebrae</em></span> <span class='ocrx_word' id='word_1_22' title='bbox 503 419 673 472; x_wconf 71' lang='lat' dir='ltr'>vilescunt</span> <span class='ocrx_word' id='word_1_23' title='bbox 687 449 698 467; x_wconf 83' lang='lat'>,</span> <span class='ocrx_word' id='word_1_24' title='bbox 723 416 985 471; x_wconf 66' lang='lat' dir='ltr'>&amp;spernuntun</span> <span class='ocrx_word' id='word_1_25' title='bbox 1015 418 1060 456; x_wconf 82' lang='lat' dir='ltr'>In</span> <span class='ocrx_word' id='word_1_26' title='bbox 1082 419 1240 472; x_wconf 69' lang='lat' dir='ltr'>clauficla</span> <span class='ocrx_word' id='word_1_27' title='bbox 1254 448 1265 467; x_wconf 87' lang='lat'>,</span> <span class='ocrx_word' id='word_1_28' title='bbox 1288 420 1462 473; x_wconf 77' lang='lat' dir='ltr'>detestatio</span> <span class='ocrx_word' id='word_1_29' title='bbox 1478 422 1570 460; x_wconf 81' lang='lat' dir='ltr'>Sae—</span> 
     </span>
     <span class='ocr_line' id='line_1_5' title="bbox 339 478 1030 530; baseline 0.001 -15"><span class='ocrx_word' id='word_1_30' title='bbox 339 479 454 518; x_wconf 56' lang='lat' dir='ltr'>vitiae</span> <span class='ocrx_word' id='word_1_31' title='bbox 464 509 475 528; x_wconf 86' lang='lat'>‚</span> <span class='ocrx_word' id='word_1_32' title='bbox 490 478 524 517; x_wconf 62' lang='grc' dir='ltr'>δ’</span> <span class='ocrx_word' id='word_1_33' title='bbox 537 480 630 518; x_wconf 77' lang='lat' dir='ltr'>mala</span> <span class='ocrx_word' id='word_1_34' title='bbox 651 480 695 517; x_wconf 82' lang='lat' dir='ltr'>ab</span> <span class='ocrx_word' id='word_1_35' title='bbox 712 493 752 517; x_wconf 85' lang='lat' dir='ltr'>ea</span> <span class='ocrx_word' id='word_1_36' title='bbox 762 509 775 524; x_wconf 86' lang='lat'>,</span> <span class='ocrx_word' id='word_1_37' title='bbox 788 489 889 530; x_wconf 80' lang='lat' dir='ltr'>atque</span> <span class='ocrx_word' id='word_1_38' title='bbox 905 479 1030 516; x_wconf 83' lang='lat' dir='ltr'>exitia.</span> 
     </span>
    </p>
   </div>
   <div class='ocr_carea' id='block_1_3' title="bbox 274 594 1571 2543">
    <p class='ocr_par' dir='ltr' id='par_1_3' title="bbox 274 594 1571 2543">
     <span class='ocr_line' id='line_1_6' title="bbox 292 594 1571 716; baseline 0 -14"><span class='ocrx_word' id='word_1_39' title='bbox 292 657 325 703; x_wconf 76' lang='lat'>1.</span> <span class='ocrx_word' id='word_1_40' title='bbox 357 594 431 711; x_wconf 72' lang='lat' dir='ltr'>S</span> <span class='ocrx_word' id='word_1_41' title='bbox 447 668 663 703; x_wconf 73' lang='lat' dir='ltr'>CRIBERE</span> <span class='ocrx_word' id='word_1_42' title='bbox 689 657 744 703; x_wconf 89' lang='lat' dir='ltr'>de</span> <span class='ocrx_word' id='word_1_43' title='bbox 771 657 1021 716; x_wconf 85' lang='lat' dir='ltr'>clementia,</span> <span class='ocrx_word' id='word_1_44' title='bbox 1040 659 1165 705; x_wconf 89' lang='lat' dir='ltr'>Nero</span> <span class='ocrx_word' id='word_1_45' title='bbox 1183 659 1365 714; x_wconf 82' lang='lat' dir='ltr'>Caesar,</span> <span class='ocrx_word' id='word_1_46' title='bbox 1384 655 1571 704; x_wconf 85' lang='lat' dir='ltr'>institui:</span> 
     </span>
     <span class='ocr_line' id='line_1_7' title="bbox 288 730 1567 795; baseline -0.002 -17"><span class='ocrx_word' id='word_1_47' title='bbox 288 745 340 778; x_wconf 66' lang='lat' dir='ltr'>ut</span> <span class='ocrx_word' id='word_1_48' title='bbox 368 732 706 794; x_wconf 88' lang='lat' dir='ltr'>quodammodo</span> <span class='ocrx_word' id='word_1_49' title='bbox 739 732 903 794; x_wconf 86' lang='lat' dir='ltr'>speculi</span> <span class='ocrx_word' id='word_1_50' title='bbox 937 731 1037 780; x_wconf 88' lang='lat' dir='ltr'>vice</span> <span class='ocrx_word' id='word_1_51' title='bbox 1066 730 1306 795; x_wconf 84' lang='lat' dir='ltr'>fungerer,</span> <span class='ocrx_word' id='word_1_52' title='bbox 1337 745 1380 778; x_wconf 89' lang='lat' dir='ltr'>et</span> <span class='ocrx_word' id='word_1_53' title='bbox 1416 743 1459 777; x_wconf 89' lang='lat' dir='ltr'>te</span> <span class='ocrx_word' id='word_1_54' title='bbox 1488 730 1567 776; x_wconf 90' lang='lat' dir='ltr'>tibi</span> 
     </span>
     <span class='ocr_line' id='line_1_8' title="bbox 288 800 1569 868; baseline -0.002 -17"><span class='ocrx_word' id='word_1_55' title='bbox 288 803 593 862; x_wconf 86' lang='lat' dir='ltr'>ostenderem,</span> <span class='ocrx_word' id='word_1_56' title='bbox 619 817 937 867; x_wconf 88' lang='lat' dir='ltr'>perventurum</span> <span class='ocrx_word' id='word_1_57' title='bbox 967 804 1022 851; x_wconf 89' lang='lat' dir='ltr'>ad</span> <span class='ocrx_word' id='word_1_58' title='bbox 1042 805 1314 868; x_wconf 88' lang='lat' dir='ltr'>voluptatem</span> <span class='ocrx_word' id='word_1_59' title='bbox 1333 800 1569 849; x_wconf 77' lang='lat' dir='ltr'>maximam</span> 
     </span>
     <span class='ocr_line' id='line_1_9' title="bbox 291 874 1569 937; baseline -0.001 -13"><span class='ocrx_word' id='word_1_60' title='bbox 291 877 505 924; x_wconf 83' lang='lat' dir='ltr'>omnium.</span> <span class='ocrx_word' id='word_1_61' title='bbox 527 877 749 937; x_wconf 85' lang='lat' dir='ltr'>Quamvis</span> <span class='ocrx_word' id='word_1_62' title='bbox 773 876 889 924; x_wconf 82' lang='lat' dir='ltr'>enim</span> <span class='ocrx_word' id='word_1_63' title='bbox 916 878 1032 924; x_wconf 67' lang='lat' dir='ltr'>reEte</span> <span class='ocrx_word' id='word_1_64' title='bbox 1057 877 1276 925; x_wconf 60' lang='lat' dir='ltr'>saelorum</span> <span class='ocrx_word' id='word_1_65' title='bbox 1304 893 1432 924; x_wconf 86' lang='lat' dir='ltr'>verus</span> <span class='ocrx_word' id='word_1_66' title='bbox 1449 874 1569 923; x_wconf 83' lang='lat' dir='ltr'>fruc-</span> 
     </span>
     <span class='ocr_line' id='line_1_10' title="bbox 287 949 1570 1013; baseline -0.001 -18"><span class='ocrx_word' id='word_1_67' title='bbox 287 963 359 996; x_wconf 77' lang='lat' dir='ltr'>tus</span> <span class='ocrx_word' id='word_1_68' title='bbox 385 949 432 995; x_wconf 85' lang='lat' dir='ltr'>fit</span> <span class='ocrx_word' id='word_1_69' title='bbox 459 949 634 1005; x_wconf 76' lang='lat' dir='ltr'>fecisse,</span> <span class='ocrx_word' id='word_1_70' title='bbox 660 966 740 997; x_wconf 80' lang='lat' dir='ltr'>nec</span> <span class='ocrx_word' id='word_1_71' title='bbox 766 950 902 996; x_wconf 89' lang='lat' dir='ltr'>ullum</span> <span class='ocrx_word' id='word_1_72' title='bbox 926 951 1138 998; x_wconf 87' lang='lat' dir='ltr'>virtutum</span> <span class='ocrx_word' id='word_1_73' title='bbox 1169 950 1356 1013; x_wconf 87' lang='lat' dir='ltr'>pretium</span> <span class='ocrx_word' id='word_1_74' title='bbox 1389 950 1570 1012; x_wconf 85' lang='lat' dir='ltr'>dignum</span> 
     </span>
     <span class='ocr_line' id='line_1_11' title="bbox 286 1021 1571 1086; baseline 0.002 -20"><span class='ocrx_word' id='word_1_75' title='bbox 286 1021 370 1068; x_wconf 81' lang='lat' dir='ltr'>illis</span> <span class='ocrx_word' id='word_1_76' title='bbox 387 1034 510 1069; x_wconf 83' lang='lat' dir='ltr'>extra</span> <span class='ocrx_word' id='word_1_77' title='bbox 532 1022 641 1084; x_wconf 90' lang='lat' dir='ltr'>ipsas</span> <span class='ocrx_word' id='word_1_78' title='bbox 666 1022 716 1068; x_wconf 80' lang='lat' dir='ltr'>fit</span> <span class='ocrx_word' id='word_1_79' title='bbox 739 1040 750 1069; x_wconf 90' lang='lat'><strong>:</strong></span> <span class='ocrx_word' id='word_1_80' title='bbox 773 1023 896 1071; x_wconf 85' lang='lat' dir='ltr'>iuvat</span> <span class='ocrx_word' id='word_1_81' title='bbox 913 1036 1058 1070; x_wconf 84' lang='lat' dir='ltr'>tamen</span> <span class='ocrx_word' id='word_1_82' title='bbox 1077 1024 1289 1086; x_wconf 81' lang='lat' dir='ltr'>inspicere</span> <span class='ocrx_word' id='word_1_83' title='bbox 1314 1037 1358 1069; x_wconf 90' lang='lat' dir='ltr'>et</span> <span class='ocrx_word' id='word_1_84' title='bbox 1384 1022 1571 1069; x_wconf 86' lang='lat' dir='ltr'>circuire</span> 
     </span>
     <span class='ocr_line' id='line_1_12' title="bbox 286 1094 1569 1154; baseline 0.002 -13"><span class='ocrx_word' id='word_1_85' title='bbox 286 1094 450 1141; x_wconf 82' lang='lat' dir='ltr'>bonam</span> <span class='ocrx_word' id='word_1_86' title='bbox 478 1094 789 1143; x_wconf 79' lang='lat' dir='ltr'>conscientiam</span> <span class='ocrx_word' id='word_1_87' title='bbox 803 1133 818 1154; x_wconf 92' lang='lat'>,</span> <span class='ocrx_word' id='word_1_88' title='bbox 836 1109 928 1144; x_wconf 88' lang='lat' dir='ltr'>tum</span> <span class='ocrx_word' id='word_1_89' title='bbox 955 1097 1191 1144; x_wconf 82' lang='lat' dir='ltr'>immittere</span> <span class='ocrx_word' id='word_1_90' title='bbox 1213 1097 1372 1143; x_wconf 90' lang='lat' dir='ltr'>oculos</span> <span class='ocrx_word' id='word_1_91' title='bbox 1392 1097 1436 1142; x_wconf 90' lang='lat' dir='ltr'>in</span> <span class='ocrx_word' id='word_1_92' title='bbox 1458 1097 1569 1144; x_wconf 85' lang='lat' dir='ltr'>hanc</span> 
     </span>
     <span class='ocr_line' id='line_1_13' title="bbox 288 1167 1568 1229; baseline 0.003 -16"><span class='ocrx_word' id='word_1_93' title='bbox 288 1167 543 1214; x_wconf 75' lang='lat' dir='ltr'>immensam</span> <span class='ocrx_word' id='word_1_94' title='bbox 581 1169 910 1216; x_wconf 85' lang='lat' dir='ltr'>multitudinem</span> <span class='ocrx_word' id='word_1_95' title='bbox 930 1206 943 1226; x_wconf 91' lang='lat'>,</span> <span class='ocrx_word' id='word_1_96' title='bbox 978 1170 1222 1218; x_wconf 85' lang='lat' dir='ltr'>discordem</span> <span class='ocrx_word' id='word_1_97' title='bbox 1241 1207 1255 1229; x_wconf 92' lang='lat'>,</span> <span class='ocrx_word' id='word_1_98' title='bbox 1288 1170 1533 1217; x_wconf 87' lang='lat' dir='ltr'>seditiosam</span> <span class='ocrx_word' id='word_1_99' title='bbox 1553 1208 1568 1227; x_wconf 95' lang='lat'><strong>‚</strong></span> 
     </span>
     <span class='ocr_line' id='line_1_14' title="bbox 286 1241 1569 1307; baseline 0.004 -21"><span class='ocrx_word' id='word_1_100' title='bbox 286 1241 603 1303; x_wconf 85' lang='lat' dir='ltr'>impotentem,</span> <span class='ocrx_word' id='word_1_101' title='bbox 630 1242 676 1288; x_wconf 89' lang='lat' dir='ltr'>in</span> <span class='ocrx_word' id='word_1_102' title='bbox 703 1243 940 1305; x_wconf 86' lang='lat' dir='ltr'>perniciem</span> <span class='ocrx_word' id='word_1_103' title='bbox 971 1245 1156 1291; x_wconf 83' lang='lat' dir='ltr'>alienam</span> <span class='ocrx_word' id='word_1_104' title='bbox 1183 1245 1389 1307; x_wconf 85' lang='lat' dir='ltr'>suamque</span> <span class='ocrx_word' id='word_1_105' title='bbox 1409 1245 1569 1307; x_wconf 89' lang='lat' dir='ltr'>pariter</span> 
     </span>
     <span class='ocr_line' id='line_1_15' title="bbox 282 1314 1568 1381; baseline 0.001 -19"><span class='ocrx_word' id='word_1_106' title='bbox 282 1315 618 1371; x_wconf 79' lang='lat' dir='ltr'>exsultaturam,</span> <span class='ocrx_word' id='word_1_107' title='bbox 644 1314 674 1361; x_wconf 84' lang='lat' dir='ltr'>fi</span> <span class='ocrx_word' id='word_1_108' title='bbox 704 1315 791 1363; x_wconf 88' lang='lat' dir='ltr'>hoc</span> <span class='ocrx_word' id='word_1_109' title='bbox 822 1317 970 1380; x_wconf 82' lang='lat' dir='ltr'>iugum</span> <span class='ocrx_word' id='word_1_110' title='bbox 994 1316 1200 1381; x_wconf 80' lang='lat' dir='ltr'>fregerit,</span> <span class='ocrx_word' id='word_1_111' title='bbox 1226 1331 1270 1364; x_wconf 88' lang='lat' dir='ltr'>et</span> <span class='ocrx_word' id='word_1_112' title='bbox 1289 1317 1344 1362; x_wconf 82' lang='lat' dir='ltr'>ita</span> <span class='ocrx_word' id='word_1_113' title='bbox 1363 1317 1493 1380; x_wconf 81' lang='lat' dir='ltr'>loqui</span> <span class='ocrx_word' id='word_1_114' title='bbox 1505 1318 1568 1363; x_wconf 80' lang='lat' dir='ltr'>se—</span> 
     </span>
     <span class='ocr_line' id='line_1_16' title="bbox 283 1387 1568 1453; baseline 0.002 -20"><span class='ocrx_word' id='word_1_115' title='bbox 283 1405 386 1433; x_wconf 87' lang='lat' dir='ltr'>cum</span> <span class='ocrx_word' id='word_1_116' title='bbox 408 1406 416 1433; x_wconf 79' lang='grc' dir='ltr'><strong><em>ε</em></strong></span> <span class='ocrx_word' id='word_1_117' title='bbox 438 1389 533 1450; x_wconf 79' lang='lat' dir='ltr'>Ego</span> <span class='ocrx_word' id='word_1_118' title='bbox 551 1403 607 1433; x_wconf 81' lang='lat' dir='ltr'>ex</span> <span class='ocrx_word' id='word_1_119' title='bbox 624 1387 830 1436; x_wconf 84' lang='lat' dir='ltr'>omnibus</span> <span class='ocrx_word' id='word_1_120' title='bbox 857 1389 1113 1436; x_wconf 82' lang='lat' dir='ltr'>mortalibus</span> <span class='ocrx_word' id='word_1_121' title='bbox 1138 1389 1304 1452; x_wconf 83' lang='lat' dir='ltr'>placui,</span> <span class='ocrx_word' id='word_1_122' title='bbox 1323 1389 1568 1453; x_wconf 59' lang='lat' dir='ltr'>eleeiusque</span> 
     </span>
     <span class='ocr_line' id='line_1_17' title="bbox 284 1460 1567 1526; baseline 0.002 -18"><span class='ocrx_word' id='word_1_123' title='bbox 284 1461 401 1517; x_wconf 83' lang='lat' dir='ltr'>sum,</span> <span class='ocrx_word' id='word_1_124' title='bbox 430 1462 505 1525; x_wconf 85' lang='lat' dir='ltr'>qui</span> <span class='ocrx_word' id='word_1_125' title='bbox 534 1460 579 1507; x_wconf 89' lang='lat' dir='ltr'>in</span> <span class='ocrx_word' id='word_1_126' title='bbox 602 1460 726 1509; x_wconf 85' lang='lat' dir='ltr'>terris</span> <span class='ocrx_word' id='word_1_127' title='bbox 750 1463 939 1508; x_wconf 83' lang='lat' dir='ltr'>deorum</span> <span class='ocrx_word' id='word_1_128' title='bbox 966 1462 1066 1510; x_wconf 88' lang='lat' dir='ltr'>vice</span> <span class='ocrx_word' id='word_1_129' title='bbox 1092 1462 1318 1526; x_wconf 81' lang='lat' dir='ltr'>fungerer:</span> <span class='ocrx_word' id='word_1_130' title='bbox 1340 1480 1423 1525; x_wconf 82' lang='lat' dir='ltr'>ego</span> <span class='ocrx_word' id='word_1_131' title='bbox 1451 1461 1567 1510; x_wconf 86' lang='lat' dir='ltr'>vitae</span> 
     </span>
     <span class='ocr_line' id='line_1_18' title="bbox 283 1530 1567 1595; baseline 0.002 -17"><span class='ocrx_word' id='word_1_132' title='bbox 283 1532 492 1595; x_wconf 82' lang='lat' dir='ltr'>necisque</span> <span class='ocrx_word' id='word_1_133' title='bbox 523 1530 726 1594; x_wconf 81' lang='lat' dir='ltr'>gentibus</span> <span class='ocrx_word' id='word_1_134' title='bbox 762 1532 936 1578; x_wconf 81' lang='lat' dir='ltr'>arbiter.</span> <span class='ocrx_word' id='word_1_135' title='bbox 980 1531 1151 1594; x_wconf 87' lang='lat' dir='ltr'>qualem</span> <span class='ocrx_word' id='word_1_136' title='bbox 1184 1533 1366 1595; x_wconf 85' lang='lat' dir='ltr'>quisque</span> <span class='ocrx_word' id='word_1_137' title='bbox 1404 1533 1567 1580; x_wconf 87' lang='lat' dir='ltr'>sortem</span> 
     </span>
     <span class='ocr_line' id='line_1_19' title="bbox 284 1604 1567 1670; baseline 0.002 -17"><span class='ocrx_word' id='word_1_138' title='bbox 284 1606 528 1670; x_wconf 70' lang='lat' dir='ltr'>statumque</span> <span class='ocrx_word' id='word_1_139' title='bbox 550 1605 734 1661; x_wconf 81' lang='lat' dir='ltr'>habeat,</span> <span class='ocrx_word' id='word_1_140' title='bbox 762 1604 807 1651; x_wconf 88' lang='lat' dir='ltr'>in</span> <span class='ocrx_word' id='word_1_141' title='bbox 834 1621 967 1652; x_wconf 87' lang='lat' dir='ltr'>manu</span> <span class='ocrx_word' id='word_1_142' title='bbox 992 1622 1090 1653; x_wconf 85' lang='lat' dir='ltr'>mea</span> <span class='ocrx_word' id='word_1_143' title='bbox 1118 1605 1307 1669; x_wconf 75' lang='lat' dir='ltr'>positum</span> <span class='ocrx_word' id='word_1_144' title='bbox 1339 1606 1413 1654; x_wconf 84' lang='lat' dir='ltr'>est.</span> <span class='ocrx_word' id='word_1_145' title='bbox 1444 1608 1567 1668; x_wconf 83' lang='lat' dir='ltr'>Quid</span> 
     </span>
     <span class='ocr_line' id='line_1_20' title="bbox 281 1679 1566 1745; baseline 0 -16"><span class='ocrx_word' id='word_1_146' title='bbox 281 1682 444 1744; x_wconf 82' lang='lat' dir='ltr'>cuique</span> <span class='ocrx_word' id='word_1_147' title='bbox 465 1680 716 1727; x_wconf 85' lang='lat' dir='ltr'>mortalium</span> <span class='ocrx_word' id='word_1_148' title='bbox 733 1679 909 1726; x_wconf 87' lang='lat' dir='ltr'>fortuna</span> <span class='ocrx_word' id='word_1_149' title='bbox 925 1681 1074 1727; x_wconf 89' lang='lat' dir='ltr'>datum</span> <span class='ocrx_word' id='word_1_150' title='bbox 1093 1681 1219 1739; x_wconf 90' lang='lat' dir='ltr'>velit,</span> <span class='ocrx_word' id='word_1_151' title='bbox 1240 1697 1344 1728; x_wconf 89' lang='lat' dir='ltr'>meo</span> <span class='ocrx_word' id='word_1_152' title='bbox 1363 1697 1440 1729; x_wconf 90' lang='lat' dir='ltr'>ore</span> <span class='ocrx_word' id='word_1_153' title='bbox 1459 1699 1566 1745; x_wconf 86' lang='lat' dir='ltr'>pro-</span> 
     </span>
     <span class='ocr_line' id='line_1_21' title="bbox 282 1755 1564 1822; baseline 0.001 -18"><span class='ocrx_word' id='word_1_154' title='bbox 282 1757 477 1805; x_wconf 80' lang='lat' dir='ltr'>nuntiat:</span> <span class='ocrx_word' id='word_1_155' title='bbox 505 1774 557 1804; x_wconf 85' lang='lat' dir='ltr'>ex</span> <span class='ocrx_word' id='word_1_156' title='bbox 576 1755 729 1804; x_wconf 88' lang='lat' dir='ltr'>nostro</span> <span class='ocrx_word' id='word_1_157' title='bbox 753 1756 965 1819; x_wconf 85' lang='lat' dir='ltr'>responso</span> <span class='ocrx_word' id='word_1_158' title='bbox 990 1757 1176 1804; x_wconf 80' lang='lat' dir='ltr'>laetitiae</span> <span class='ocrx_word' id='word_1_159' title='bbox 1204 1759 1372 1815; x_wconf 79' lang='lat' dir='ltr'>causas,</span> <span class='ocrx_word' id='word_1_160' title='bbox 1411 1758 1564 1822; x_wconf 88' lang='lat' dir='ltr'>populi</span> 
     </span>
     <span class='ocr_line' id='line_1_22' title="bbox 284 1830 1565 1893; baseline 0 -15"><span class='ocrx_word' id='word_1_161' title='bbox 284 1832 500 1893; x_wconf 73' lang='lat' dir='ltr'>urbesque</span> <span class='ocrx_word' id='word_1_162' title='bbox 517 1830 786 1893; x_wconf 87' lang='lat' dir='ltr'>concipiunt.</span> <span class='ocrx_word' id='word_1_163' title='bbox 801 1830 930 1876; x_wconf 87' lang='lat' dir='ltr'>Nulla</span> <span class='ocrx_word' id='word_1_164' title='bbox 951 1847 1048 1892; x_wconf 88' lang='lat' dir='ltr'>pars</span> <span class='ocrx_word' id='word_1_165' title='bbox 1066 1830 1244 1893; x_wconf 86' lang='lat' dir='ltr'>usquam</span> <span class='ocrx_word' id='word_1_166' title='bbox 1262 1867 1275 1888; x_wconf 87' lang='lat'>‚</span> <span class='ocrx_word' id='word_1_167' title='bbox 1296 1831 1370 1877; x_wconf 79' lang='lat' dir='ltr'>nisi</span> <span class='ocrx_word' id='word_1_168' title='bbox 1388 1832 1565 1878; x_wconf 87' lang='lat' dir='ltr'>volente</span> 
     </span>
     <span class='ocr_line' id='line_1_23' title="bbox 280 1900 1565 1966; baseline 0 -18"><span class='ocrx_word' id='word_1_169' title='bbox 280 1901 569 1965; x_wconf 78' lang='lat' dir='ltr'>propitioque</span> <span class='ocrx_word' id='word_1_170' title='bbox 595 1918 693 1958; x_wconf 89' lang='lat' dir='ltr'>me,</span> <span class='ocrx_word' id='word_1_171' title='bbox 721 1901 864 1949; x_wconf 86' lang='lat' dir='ltr'>floret.</span> <span class='ocrx_word' id='word_1_172' title='bbox 892 1904 1015 1949; x_wconf 89' lang='lat' dir='ltr'>Haec</span> <span class='ocrx_word' id='word_1_173' title='bbox 1044 1914 1113 1949; x_wconf 87' lang='lat' dir='ltr'>tot</span> <span class='ocrx_word' id='word_1_174' title='bbox 1136 1900 1270 1949; x_wconf 89' lang='lat' dir='ltr'>millia</span> <span class='ocrx_word' id='word_1_175' title='bbox 1291 1903 1534 1966; x_wconf 82' lang='lat' dir='ltr'>gladiorum</span> <span class='ocrx_word' id='word_1_176' title='bbox 1550 1938 1565 1959; x_wconf 94' lang='lat'>,</span> 
     </span>
     <span class='ocr_line' id='line_1_24' title="bbox 277 1974 1563 2038; baseline 0 -18"><span class='ocrx_word' id='word_1_177' title='bbox 277 1990 390 2037; x_wconf 78' lang='lat' dir='ltr'>quae</span> <span class='ocrx_word' id='word_1_178' title='bbox 409 1991 494 2036; x_wconf 83' lang='lat' dir='ltr'>pax</span> <span class='ocrx_word' id='word_1_179' title='bbox 517 1990 615 2021; x_wconf 85' lang='lat' dir='ltr'>mea</span> <span class='ocrx_word' id='word_1_180' title='bbox 634 1974 916 2037; x_wconf 82' lang='lat' dir='ltr'>comprimit,</span> <span class='ocrx_word' id='word_1_181' title='bbox 936 1975 990 2020; x_wconf 85' lang='lat' dir='ltr'>ad</span> <span class='ocrx_word' id='word_1_182' title='bbox 1011 1987 1163 2020; x_wconf 88' lang='lat' dir='ltr'>nutum</span> <span class='ocrx_word' id='word_1_183' title='bbox 1182 1992 1329 2022; x_wconf 90' lang='lat' dir='ltr'>meum</span> <span class='ocrx_word' id='word_1_184' title='bbox 1350 1975 1563 2038; x_wconf 81' lang='lat' dir='ltr'>stringen-</span> 
     </span>
     <span class='ocr_line' id='line_1_25' title="bbox 276 2046 1561 2112; baseline 0.002 -20"><span class='ocrx_word' id='word_1_185' title='bbox 276 2061 348 2093; x_wconf 80' lang='lat' dir='ltr'>tur</span> <span class='ocrx_word' id='word_1_186' title='bbox 365 2061 381 2093; x_wconf 76' lang='grc' dir='ltr'>ἐ</span> <span class='ocrx_word' id='word_1_187' title='bbox 400 2064 505 2109; x_wconf 76' lang='lat' dir='ltr'>quas</span> <span class='ocrx_word' id='word_1_188' title='bbox 525 2046 725 2095; x_wconf 87' lang='lat' dir='ltr'>nationes</span> <span class='ocrx_word' id='word_1_189' title='bbox 744 2048 940 2095; x_wconf 86' lang='lat' dir='ltr'>funditus</span> <span class='ocrx_word' id='word_1_190' title='bbox 953 2049 1150 2104; x_wconf 82' lang='lat' dir='ltr'>excindi,</span> <span class='ocrx_word' id='word_1_191' title='bbox 1170 2065 1276 2111; x_wconf 83' lang='lat' dir='ltr'>quas</span> <span class='ocrx_word' id='word_1_192' title='bbox 1294 2046 1561 2112; x_wconf 83' lang='lat' dir='ltr'>transporta-</span> 
     </span>
     <span class='ocr_line' id='line_1_26' title="bbox 276 2118 1561 2185; baseline 0.004 -22"><span class='ocrx_word' id='word_1_193' title='bbox 276 2119 312 2164; x_wconf 78' lang='lat' dir='ltr'>ri</span> <span class='ocrx_word' id='word_1_194' title='bbox 327 2151 341 2175; x_wconf 82' lang='lat'>,</span> <span class='ocrx_word' id='word_1_195' title='bbox 366 2118 524 2180; x_wconf 89' lang='lat' dir='ltr'>quibus</span> <span class='ocrx_word' id='word_1_196' title='bbox 550 2118 793 2166; x_wconf 83' lang='lat' dir='ltr'>libertatem</span> <span class='ocrx_word' id='word_1_197' title='bbox 817 2120 936 2178; x_wconf 85' lang='lat' dir='ltr'>dari,</span> <span class='ocrx_word' id='word_1_198' title='bbox 960 2120 1118 2182; x_wconf 80' lang='lat' dir='ltr'>quibus</span> <span class='ocrx_word' id='word_1_199' title='bbox 1145 2120 1283 2182; x_wconf 84' lang='lat' dir='ltr'>eripi,</span> <span class='ocrx_word' id='word_1_200' title='bbox 1301 2137 1414 2184; x_wconf 91' lang='lat' dir='ltr'>quos</span> <span class='ocrx_word' id='word_1_201' title='bbox 1439 2137 1561 2185; x_wconf 87' lang='lat' dir='ltr'>reges</span> 
     </span>
     <span class='ocr_line' id='line_1_27' title="bbox 275 2189 1562 2258; baseline 0.005 -23"><span class='ocrx_word' id='word_1_202' title='bbox 275 2190 495 2253; x_wconf 84' lang='lat' dir='ltr'>mancipia</span> <span class='ocrx_word' id='word_1_203' title='bbox 517 2189 612 2237; x_wconf 82' lang='lat' dir='ltr'>fieri</span> <span class='ocrx_word' id='word_1_204' title='bbox 626 2226 640 2250; x_wconf 84' lang='lat'>,</span> <span class='ocrx_word' id='word_1_205' title='bbox 656 2208 938 2255; x_wconf 81' lang='lat' dir='ltr'>quorumque</span> <span class='ocrx_word' id='word_1_206' title='bbox 960 2193 1091 2255; x_wconf 85' lang='lat' dir='ltr'>capiti</span> <span class='ocrx_word' id='word_1_207' title='bbox 1111 2196 1279 2258; x_wconf 81' lang='lat' dir='ltr'>regium</span> <span class='ocrx_word' id='word_1_208' title='bbox 1298 2195 1562 2242; x_wconf 87' lang='lat' dir='ltr'>circumdari</span> 
     </span>
     <span class='ocr_line' id='line_1_28' title="bbox 274 2263 1559 2330; baseline 0.005 -22"><span class='ocrx_word' id='word_1_209' title='bbox 274 2263 407 2309; x_wconf 83' lang='lat' dir='ltr'>decus</span> <span class='ocrx_word' id='word_1_210' title='bbox 435 2277 662 2325; x_wconf 85' lang='lat' dir='ltr'>oporteat,</span> <span class='ocrx_word' id='word_1_211' title='bbox 701 2282 811 2328; x_wconf 87' lang='lat' dir='ltr'>quae</span> <span class='ocrx_word' id='word_1_212' title='bbox 841 2280 969 2313; x_wconf 81' lang='lat' dir='ltr'>ruant</span> <span class='ocrx_word' id='word_1_213' title='bbox 1006 2267 1157 2324; x_wconf 78' lang='lat' dir='ltr'>urbes,</span> <span class='ocrx_word' id='word_1_214' title='bbox 1192 2284 1301 2330; x_wconf 88' lang='lat' dir='ltr'>quae</span> <span class='ocrx_word' id='word_1_215' title='bbox 1330 2268 1559 2326; x_wconf 86' lang='lat' dir='ltr'>oriantur,</span> 
     </span>
     <span class='ocr_line' id='line_1_29' title="bbox 276 2335 1563 2397; baseline 0.005 -16"><span class='ocrx_word' id='word_1_216' title='bbox 276 2351 372 2382; x_wconf 85' lang='lat' dir='ltr'>mea</span> <span class='ocrx_word' id='word_1_217' title='bbox 398 2336 636 2385; x_wconf 71' lang='lat' dir='ltr'>iuris&#39;diffio</span> <span class='ocrx_word' id='word_1_218' title='bbox 656 2335 728 2385; x_wconf 85' lang='lat' dir='ltr'>est.</span> <span class='ocrx_word' id='word_1_219' title='bbox 755 2341 801 2384; x_wconf 82' lang='lat' dir='ltr'>ln</span> <span class='ocrx_word' id='word_1_220' title='bbox 821 2340 901 2386; x_wconf 85' lang='lat' dir='ltr'>hac</span> <span class='ocrx_word' id='word_1_221' title='bbox 922 2352 1038 2386; x_wconf 85' lang='lat' dir='ltr'>tanta</span> <span class='ocrx_word' id='word_1_222' title='bbox 1065 2339 1263 2387; x_wconf 84' lang='lat' dir='ltr'>facultate</span> <span class='ocrx_word' id='word_1_223' title='bbox 1281 2358 1450 2397; x_wconf 88' lang='lat' dir='ltr'>rerum,</span> <span class='ocrx_word' id='word_1_224' title='bbox 1469 2357 1563 2387; x_wconf 89' lang='lat' dir='ltr'>non</span> 
     </span>
     <span class='ocr_line' id='line_1_30' title="bbox 276 2406 1561 2474; baseline 0.006 -23"><span class='ocrx_word' id='word_1_225' title='bbox 276 2406 338 2452; x_wconf 75' lang='lat' dir='ltr'>ira</span> <span class='ocrx_word' id='word_1_226' title='bbox 371 2424 441 2454; x_wconf 85' lang='lat' dir='ltr'>me</span> <span class='ocrx_word' id='word_1_227' title='bbox 469 2409 522 2454; x_wconf 86' lang='lat' dir='ltr'>ad</span> <span class='ocrx_word' id='word_1_228' title='bbox 548 2410 695 2473; x_wconf 84' lang='lat' dir='ltr'>iniqua</span> <span class='ocrx_word' id='word_1_229' title='bbox 722 2410 926 2474; x_wconf 83' lang='lat' dir='ltr'>supplicia</span> <span class='ocrx_word' id='word_1_230' title='bbox 953 2411 1194 2474; x_wconf 82' lang='lat' dir='ltr'>compulit,</span> <span class='ocrx_word' id='word_1_231' title='bbox 1231 2429 1323 2459; x_wconf 89' lang='lat' dir='ltr'>non</span> <span class='ocrx_word' id='word_1_232' title='bbox 1354 2412 1561 2460; x_wconf 87' lang='lat' dir='ltr'>iuvenilis</span> 
     </span>
     <span class='ocr_line' id='line_1_31' title="bbox 276 2478 1560 2543; baseline 0.005 -17"><span class='ocrx_word' id='word_1_233' title='bbox 276 2478 502 2543; x_wconf 72' lang='lat' dir='ltr'>impetus,</span> <span class='ocrx_word' id='word_1_234' title='bbox 536 2497 629 2529; x_wconf 88' lang='lat' dir='ltr'>non</span> <span class='ocrx_word' id='word_1_235' title='bbox 659 2485 878 2533; x_wconf 79' lang='lat' dir='ltr'>temeritas</span> <span class='ocrx_word' id='word_1_236' title='bbox 912 2485 1141 2532; x_wconf 80' lang='lat' dir='ltr'>hominum</span> <span class='ocrx_word' id='word_1_237' title='bbox 1172 2497 1218 2532; x_wconf 87' lang='lat' dir='ltr'>et</span> <span class='ocrx_word' id='word_1_238' title='bbox 1249 2486 1560 2542; x_wconf 85' lang='lat' dir='ltr'>contumacia,</span> 
     </span>
    </p>
   </div>
  </div>
 </body>
</html>
