1742 2967
240 116 250 129 ’
303 151 397 199 ηο
539 102 1334 184 ι.ΑΝΝΑΕιςΕΝΕεΑΕ

300 241 431 301 cipiat
450 259 461 288 ε
483 259 572 288 non
595 242 656 288 est
676 243 777 288 dare
791 278 805 299 ‚
824 259 904 290 nec
923 243 1144 307 recipere,
1162 244 1207 290 in
1232 245 1452 291 dexteram
1480 260 1573 292 ma-

301 330 405 360 num
431 315 485 360 de
512 313 672 359 finistra
697 313 943 361 transferre.
977 316 1227 375 Quomodo
1245 333 1378 363 nemo
1405 316 1447 363 se
1470 333 1588 379 por--

301 401 386 441 tar,
408 386 607 450 quamvis
626 402 784 447 corpus
804 386 925 432 suum
947 399 1124 433 moveat
1141 399 1183 433 et
1198 387 1450 437 transferat:
1470 404 1577 451 quo-

300 460 439 504 modo
458 473 589 503 nemo
604 492 617 513 ‚
637 457 839 519 quamvis
865 473 947 518 pro
965 458 1006 504 se
1026 457 1210 515 dixerit,
1229 457 1394 504 affuiffe
1412 458 1487 504 fibi
1506 458 1576 504 di-

300 530 429 585 citur,
450 546 528 577 nec
545 528 723 577 statuam
744 529 822 575 fibi
842 543 1048 591 tanquam
1069 544 1259 591 patrono
1276 532 1403 594 ponit
1423 549 1433 576 z
1455 546 1574 593 quo-

299 604 439 649 modo
457 603 486 648 fi
505 619 633 666 aeger
649 618 749 649 cum
771 619 870 649 cura
885 603 955 648 sua
971 603 1212 660 convaluit,
1230 604 1476 651 mercedem
1495 619 1519 647 a
1537 601 1578 649 se

301 692 392 722 non
418 676 575 738 exigit:
603 674 660 722 fic
686 677 729 721 in
751 676 874 721 omni
902 675 1111 738 negotio,
1136 676 1266 723 etiam
1287 693 1385 724 cum
1414 675 1578 739 aliquid

300 750 505 812 prodess'e
526 751 603 796 fibi
628 749 803 806 fecerit,
821 765 912 794 non
936 762 1079 795 tamen
1100 750 1274 796 debebit
1294 749 1458 796 referre
1480 765 1579 813 gra-

297 823 404 869 n'am
426 823 523 881 fibi,
540 824 641 885 quia
664 839 754 868 non
772 822 962 879 habebit,
979 823 1047 869 cui
1066 821 1239 871 referat.
1257 825 1319 872 Ut
1337 823 1578 870 concedam

299 897 483 959 aliquem
517 897 618 943 dare
648 896 725 942 fibi
751 894 1011 942 beneficium
1034 913 1044 940 ε
1072 896 1175 940 dum
1208 896 1310 951 dat,
1335 907 1377 941 et
1411 894 1578 956 recipit.

298 982 350 1027 ut
367 970 605 1016 concedam
637 968 825 1029 aliquem
854 984 875 1012 a
898 967 938 1013 se
957 967 1155 1029 accipere
1175 966 1453 1022 beneficium,
1473 967 1577 1013 dum

299 1043 484 1103 accipit,
514 1042 669 1088 reddit.
702 1041 875 1095 Domi,
901 1039 1049 1102 (quod
1073 1037 1216 1103 aiunt)
1241 1040 1421 1088 versura
1441 1038 1515 1095 fit,
1537 1054 1579 1086 et

301 1114 423 1160 velut
453 1114 660 1173 lusorium
690 1130 854 1160 nomen
892 1112 1034 1158 statim
1061 1112 1222 1158 transit.
1275 1112 1430 1176 Neque
1461 1112 1578 1159 enim

302 1186 408 1232 alius
440 1188 513 1232 dat
542 1204 673 1249 quam
703 1186 779 1248 qui
812 1184 1001 1247 accipit,
1038 1182 1111 1230 sed
1140 1201 1250 1231 unus
1280 1196 1410 1246 atque
1449 1184 1581 1232 idem.

301 1260 405 1306 Hoc
426 1261 611 1308 verbum
634 1261 812 1307 Debere
828 1294 841 1315 ‚
864 1276 953 1305 non
974 1260 1103 1306 habet
1131 1258 1207 1304 nifi
1234 1258 1349 1307 inter
1371 1259 1482 1305 duos
1508 1259 1580 1305 lo·-

303 1351 403 1380 cum
430 1334 697 1396 :quomodo
726 1349 834 1395 ergo
865 1332 911 1378 in
943 1348 1035 1378 uno
1065 1328 1258 1378 confistit
1276 1366 1290 1386 ‚
1315 1331 1392 1393 qui
1423 1331 1464 1378 se
1493 1331 1578 1377 oba

303 1406 480 1467 ligando
508 1406 694 1452 liberat?
723 1408 785 1452 Ut
817 1405 861 1451 in
884 1406 993 1451 orbe
1015 1421 1064 1452 ac
1090 1404 1172 1466 pila
1199 1403 1307 1451 nihil
1326 1403 1388 1451 est
1416 1403 1582 1460 imum,

303 1479 411 1523 nihil
431 1478 676 1533 summum,
697 1475 805 1523 nihil
824 1490 1071 1523 extremum
1086 1513 1099 1534 ‚
1119 1476 1225 1522 nihil
1243 1475 1433 1537 primum
1448 1510 1461 1532 ,
1480 1475 1584 1537 quia

304 1562 432 1596 motu
463 1550 578 1596 ordo
611 1561 830 1603 mutatur,
864 1562 908 1595 et
938 1565 1048 1612 quae
1085 1548 1371 1611 sequebantur
1403 1551 1582 1610 praece-

305 1624 416 1669 dunt
431 1657 444 1680 ‚
469 1634 511 1668 et
534 1638 645 1685 quae
664 1622 926 1670 occidebant
951 1622 1178 1678 oriuntur,
1206 1620 1356 1668 omnia
1385 1637 1584 1684 quomo-

306 1695 545 1758 docunque
576 1694 737 1750 ierint,
772 1694 817 1740 in
851 1694 968 1742 idem
996 1707 1304 1748 revertuntur3
1340 1693 1398 1739 ita
1426 1693 1471 1740 in
1498 1693 1581 1739 ho-

306 1768 424 1814 mine
444 1767 642 1814 existima
667 1766 787 1813 fieri:
819 1784 920 1815 cum
945 1768 1066 1814 illum
1094 1769 1138 1814 in
1166 1767 1302 1813 multa
1320 1766 1581 1823 mutaveris,

309 1857 421 1886 unus
447 1840 519 1887 est.
558 1840 757 1889 Caecidit
778 1840 819 1887 se
837 1857 851 1886 ε·
870 1839 1122 1887 iniuriarum
1143 1856 1243 1887 cum
1266 1854 1357 1902 quo
1377 1853 1473 1901 agat
1493 1854 1585 1885 non

309 1914 454 1960 habet.
477 1912 671 1975 alligavit
692 1926 734 1957 et
756 1911 901 1961 clausit
919 1929 929 1958 :
951 1912 1003 1957 de
1023 1912 1068 1958 vi
1088 1928 1177 1957 non
1203 1923 1387 1957 tenetur.
1415 1909 1584 1958 benefi-

310 1986 426 2031 cium
457 1982 531 2029 sibi
557 1983 676 2030 dedit
698 2001 707 2031 ε
729 1983 929 2045 protinus
953 1982 1070 2029 danti
1091 1984 1292 2031 reddidit.
1323 1984 1487 2029 Rerum
1506 2000 1584 2031 na-

312 2070 406 2107 tura
434 2056 545 2105 nihil·
571 2056 732 2104 dicitur
760 2056 968 2118 perdere,
995 2056 1096 2119 quia
1125 2055 1341 2118 quidquid
1375 2055 1436 2103 illi
1462 2056 1591 2103 avel«

311 2129 443 2185 litut,
470 2128 523 2174 ad
553 2127 670 2174 illam
698 2128 812 2174 redit
837 2145 847 2173 ε
870 2144 949 2175 nec
977 2127 1119 2189 perire
1145 2127 1385 2189 quidquam
1414 2126 1584 2188 potest,

315 2200 438 2263 quod
472 2214 563 2261 quo
595 2198 766 2246 excidat
794 2215 888 2244 non
916 2199 1072 2255 habet,
1100 2199 1171 2248 sed
1201 2199 1359 2245 eodem
1390 2198 1586 2244 revolvi-

316 2286 385 2319 tur
415 2273 529 2320 unde
561 2270 752 2318 discedit.
789 2269 912 2329 Quid
939 2269 1105 2327 simile,
1136 2270 1312 2332 inquit,
1340 2269 1467 2319 habet
1499 2268 1585 2317 hoc

315 2346 566 2407 exemplum
604 2343 855 2404 propositae
891 2343 1169 2405 quaestioni?
1215 2344 1371 2390 dicam.
1412 2346 1517 2389 Puta
1548 2357 1588 2389 te

318 2418 533 2484 ingratum
563 2418 675 2475 effe3
704 2434 792 2467 non
817 2419 974 2483 peribit
1001 2417 1261 2468 bene-ficium
1291 2436 1300 2465 ε
1331 2420 1457 2466 habet
1487 2416 1592 2467 iliud.
