1742 2967
278 159 370 203 260
502 158 550 203 L.
601 158 910 203 ANNAEI
959 157 1326 203 SENECAE

273 262 433 325 pularis
460 299 473 321 ‚
503 263 637 310 castra
667 263 711 310 in
746 265 866 312 circo
905 264 1120 312 Flaminio
1157 266 1304 328 posuit
1324 302 1337 325 ‚
1375 267 1557 331 propius

271 352 403 397 quam
417 337 658 383 Porsennae
676 336 862 384 fuerant.
881 339 1167 400 Temperavit
1188 339 1367 402 quidem
1381 340 1445 387 ius
1458 358 1556 388 cru·

272 409 581 472 delitatemque
600 409 812 457 vicioriae
833 429 843 456 :
869 413 990 471 quod
1009 412 1152 459 dicere
1169 413 1354 471 solebat,
1374 414 1555 476 praesti-

273 485 325 531 tit
348 502 358 530 ε
383 484 603 532 neminem
630 481 797 533 occidit'
821 486 898 532 nisi
923 500 1150 535 armatum.
1181 489 1304 548 Quid
1331 505 1437 551 ergo
1463 488 1552 535 est?

274 558 423 605 Ceteri
447 576 564 605 arma
586 559 805 607 cruentius
823 577 1133 618 exercuerunt,
1153 563 1289 611 satiati
1308 577 1455 611 tamen
1475 564 1556 611 ali·

275 631 453 693 quando
471 632 724 680 abiecerunt
742 650 753 680 t
774 633 846 681 hic
875 634 1064 698 gladium
1084 637 1176 682 cito
1201 637 1425 692 condidit,
1443 654 1558 684 nun-

275 722 406 769 quam
429 706 586 768 posuit.
612 709 808 774 Ingratus
831 707 1048 754 Antonius
1066 707 1110 754 in
1135 708 1390 757 dictatorem
1414 707 1557 767 suum,

275 798 405 844 quem
441 782 532 828 iure
572 781 737 828 caesum
776 780 1083 844 pronuntiavit
1113 817 1126 837 ,
1169 780 1558 844 interfectoresque

275 854 367 900 eius
396 850 439 900 in
460 853 710 916 provincias
740 865 783 899 et
803 853 990 915 imperia
1010 852 1199 910 (limifit,
1231 852 1415 915 patriam
1446 868 1558 899 vero

274 924 1030 990 proscriptionibus,incursionibus,
1053 925 1174 972 bellis
1195 925 1440 982 laceratam,
1461 926 1560 989 post

276 1014 343 1048 tot
369 1001 481 1048 mala
509 998 741 1046 destinavit
761 1018 814 1046 ne
844 999 1057 1046 Romanis
1085 999 1263 1062 quidem
1291 999 1488 1062 regibus:
1512 1011 1560 1046 ut

276 1091 388 1139 quae
418 1072 632 1128 Achaeis,
666 1073 882 1131 Rhodiis,
913 1085 956 1120 et
982 1072 1201 1136 plerisque
1232 1071 1410 1118 urbibus
1436 1072 1563 1119 claris

277 1151 346 1197 ius
378 1148 591 1211 integrum
609 1182 622 1205 ‚
652 1146 992 1210 libertatemque
1020 1163 1121 1193 cum
1153 1146 1429 1194 immunitate
1459 1145 1563 1192 red-

279 1221 468 1275 diderat,
494 1219 583 1282 ipsa
610 1220 822 1266 tributum
854 1218 1118 1282 spadonibus
1146 1218 1367 1281 penderet.

362 1295 507 1341 XVII.
554 1292 750 1340 Deficiet
780 1291 871 1339 dies
907 1303 1235 1339 enumerantem
1267 1289 1462 1353 ingratos
1489 1305 1564 1335 us-

281 1387 367 1428 que
394 1369 438 1415 in
466 1369 618 1416 ultima
642 1367 804 1430 patriae
820 1366 963 1413 exitia.
990 1366 1144 1427 Aeque
1170 1363 1430 1410 immensum
1452 1363 1563 1422 erit,

281 1443 311 1488 fi
338 1456 592 1504 percurrere
620 1454 840 1502 coepero,
869 1438 957 1499 ipsa
982 1436 1220 1500 respublica
1253 1453 1382 1499 quam
1416 1436 1566 1500 ingra-

281 1528 322 1561 ta
353 1515 398 1560 in
428 1514 621 1575 optimos
645 1530 695 1561 ac
722 1510 1024 1558 devotiffimos
1052 1510 1129 1555 sibi
1159 1509 1289 1555 fuerit
1312 1527 1321 1555 :
1346 1526 1567 1573 quamque

284 1604 375 1634 non
407 1587 548 1633 minus
569 1584 693 1647 saepe
714 1583 993 1647 peccaverit,
1017 1599 1149 1645 quam
1176 1581 1219 1627 in
1245 1581 1379 1644 ipsam
1407 1599 1566 1645 pecca-

284 1675 379 1708 tum
403 1659 477 1707 est.
511 1658 746 1704 Camillum
771 1658 816 1703 in
842 1655 1032 1703 exfilium
1063 1654 1204 1702 misit:
1227 1655 1476 1717 Scipionem
1507 1655 1570 1702 di·

287 1734 412 1782 misit.
446 1733 656 1781 exsulavit
686 1732 783 1796 post
820 1732 1054 1779 Catilinam
1090 1731 1280 1789 Cicero,
1313 1731 1448 1778 diruti
1477 1731 1570 1779 eius

287 1820 493 1872 penates,
521 1809 639 1854 bona
666 1808 837 1868 direpta
853 1843 866 1864 ,
890 1806 1047 1852 factum
1074 1805 1290 1868 quidquid
1313 1805 1455 1852 victor
1481 1806 1570 1852 Ca-

288 1881 410 1928 tilina
439 1880 615 1927 fecisset.
657 1880 847 1926 Rutilius
877 1877 1153 1925 innocentiae
1181 1877 1368 1940 pretium
1394 1877 1493 1925 tulit
1523 1878 1569 1925 in

292 1953 388 1999 Asia
409 1952 541 2000 latere
562 1970 572 1998 :
594 1950 756 1998 Catoni
779 1950 966 2013 populus
986 1951 1211 1999 Romanus
1228 1961 1473 2010 praeturam
1493 1966 1571 1997 ne-

292 2025 434 2089 gavit,
459 2024 731 2072 consulatum
751 2023 1017 2086 pernegavit.
1040 2021 1196 2084 Ingrati
1217 2021 1391 2083 publice
1412 2021 1572 2070 sumus.

295 2102 350 2146 Se
381 2099 566 2162 quisque
593 2097 863 2158 interroget:
885 2112 1015 2142 nemo
1045 2111 1135 2141 non
1156 2094 1346 2157 aliquem
1376 2093 1573 2158 queritur

294 2173 522 2235 ingratum.
540 2171 673 2234 Atqui
691 2186 780 2216 non
801 2169 941 2232 potest
960 2168 1070 2227 fieri,
1088 2182 1135 2216 ut
1152 2185 1306 2217 omnes
1319 2182 1572 2232 querantur,

294 2247 371 2293 nifi
393 2244 666 2309 querendum
688 2245 748 2292 est
770 2247 824 2291 de
847 2245 1066 2291 omnibus.
1091 2246 1263 2301 Omnes
1289 2261 1398 2307 ergo
1416 2243 1574 2308 ingrati

311 2330 401 2365 unt.
429 2320 656 2364 Tantum?
682 2331 725 2363 et
747 2316 892 2380 cupidi
916 2332 1094 2370 omnes,
1116 2328 1159 2362 et
1186 2314 1364 2377 maligni
1393 2329 1576 2368 omnes,

295 2405 340 2437 et
362 2389 507 2436 timidi
526 2405 704 2446 omnes,
731 2388 790 2434 illi
810 2389 856 2434 in
884 2388 1034 2450 primis
1055 2387 1130 2450 qui
1154 2386 1361 2433 videntur
1381 2384 1576 2431 audaces.

298 2464 479 2524 Adfice,
494 2475 536 2512 et
553 2462 772 2513 ambitiosi
792 2480 949 2512 omnes
965 2462 1077 2522 sunt,
1094 2474 1137 2509 et
1155 2459 1280 2524 impii
1300 2474 1467 2508 omnes.
1490 2457 1574 2505 Sed
