<?xml version="1.0" encoding="UTF-8"?>
<!DOCTYPE html PUBLIC "-//W3C//DTD XHTML 1.0 Transitional//EN"
    "http://www.w3.org/TR/xhtml1/DTD/xhtml1-transitional.dtd">
<html xmlns="http://www.w3.org/1999/xhtml" xml:lang="en" lang="en">
 <head>
  <title>
</title>
<meta http-equiv="Content-Type" content="text/html;charset=utf-8" />
  <meta name='ocr-system' content='tesseract 3.04.00' />
  <meta name='ocr-capabilities' content='ocr_page ocr_carea ocr_par ocr_line ocrx_word'/>
</head>
<body>
  <div class='ocr_page' id='page_1' title='image "./lannaeisenecaeph02seneuoft_0157.png"; bbox 0 0 1742 2967; ppageno 0'>
   <div class='ocr_carea' id='block_1_1' title="bbox 355 179 1422 285">
    <p class='ocr_par' dir='ltr' id='par_1_1' title="bbox 355 179 1422 285">
     <span class='ocr_line' id='line_1_1' title="bbox 355 179 1422 285; baseline 0.005 -23"><span class='ocrx_word' id='word_1_1' title='bbox 355 179 453 262; x_wconf 66' lang='lat' dir='ltr'>Dia</span> <span class='ocrx_word' id='word_1_2' title='bbox 501 212 944 262; x_wconf 63' lang='lat' dir='ltr'>neutericus</span> <span class='ocrx_word' id='word_1_3' title='bbox 995 217 1124 265; x_wconf 68' lang='grc' dir='ltr'>ΜΒ.</span> <span class='ocrx_word' id='word_1_4' title='bbox 1174 221 1206 266; x_wconf 82' lang='lat'>1.</span> <span class='ocrx_word' id='word_1_5' title='bbox 1335 237 1422 285; x_wconf 81' lang='lat'>137</span> 
     </span>
    </p>
   </div>
   <div class='ocr_carea' id='block_1_2' title="bbox 138 318 1498 2573">
    <p class='ocr_par' dir='ltr' id='par_1_2' title="bbox 138 318 1498 2573">
     <span class='ocr_line' id='line_1_2' title="bbox 140 318 1424 385; baseline 0.005 -18"><span class='ocrx_word' id='word_1_6' title='bbox 140 318 346 368; x_wconf 79' lang='lat' dir='ltr'>subsidat.</span> <span class='ocrx_word' id='word_1_7' title='bbox 379 320 481 365; x_wconf 91' lang='lat' dir='ltr'>Hoc</span> <span class='ocrx_word' id='word_1_8' title='bbox 510 319 700 367; x_wconf 85' lang='lat' dir='ltr'>maiores</span> <span class='ocrx_word' id='word_1_9' title='bbox 733 319 867 366; x_wconf 88' lang='lat' dir='ltr'>nostri</span> <span class='ocrx_word' id='word_1_10' title='bbox 898 321 1036 385; x_wconf 86' lang='lat' dir='ltr'>questi</span> <span class='ocrx_word' id='word_1_11' title='bbox 1068 323 1192 380; x_wconf 85' lang='lat' dir='ltr'>sunt,</span> <span class='ocrx_word' id='word_1_12' title='bbox 1223 325 1309 371; x_wconf 89' lang='lat' dir='ltr'>hoc</span> <span class='ocrx_word' id='word_1_13' title='bbox 1342 344 1424 375; x_wconf 77' lang='lat' dir='ltr'>nos</span> 
     </span>
     <span class='ocr_line' id='line_1_3' title="bbox 140 392 1424 456; baseline 0.006 -20"><span class='ocrx_word' id='word_1_14' title='bbox 140 394 395 454; x_wconf 79' lang='lat' dir='ltr'>querimur3</span> <span class='ocrx_word' id='word_1_15' title='bbox 415 392 501 438; x_wconf 92' lang='lat' dir='ltr'>hoc</span> <span class='ocrx_word' id='word_1_16' title='bbox 521 392 680 454; x_wconf 86' lang='lat' dir='ltr'>posteri</span> <span class='ocrx_word' id='word_1_17' title='bbox 701 392 836 438; x_wconf 88' lang='lat' dir='ltr'>nostri</span> <span class='ocrx_word' id='word_1_18' title='bbox 861 407 1098 456; x_wconf 85' lang='lat' dir='ltr'><strong>querentur</strong></span> <span class='ocrx_word' id='word_1_19' title='bbox 1114 431 1127 451; x_wconf 95' lang='lat'>,</span> <span class='ocrx_word' id='word_1_20' title='bbox 1147 397 1321 443; x_wconf 87' lang='lat' dir='ltr'>eversos</span> <span class='ocrx_word' id='word_1_21' title='bbox 1338 398 1424 445; x_wconf 81' lang='lat' dir='ltr'>esse</span> 
     </span>
     <span class='ocr_line' id='line_1_4' title="bbox 139 457 1424 528; baseline 0.003 -18"><span class='ocrx_word' id='word_1_22' title='bbox 139 482 310 521; x_wconf 85' lang='lat' dir='ltr'>mores,</span> <span class='ocrx_word' id='word_1_23' title='bbox 341 483 523 528; x_wconf 81' lang='lat' dir='ltr'>regnare</span> <span class='ocrx_word' id='word_1_24' title='bbox 547 466 784 528; x_wconf 82' lang='lat' dir='ltr'>nequitiam</span> <span class='ocrx_word' id='word_1_25' title='bbox 802 502 815 522; x_wconf 91' lang='lat'><strong>‚</strong></span> <span class='ocrx_word' id='word_1_26' title='bbox 845 466 889 511; x_wconf 89' lang='lat' dir='ltr'>in</span> <span class='ocrx_word' id='word_1_27' title='bbox 910 467 1096 514; x_wconf 84' lang='lat' dir='ltr'>deterius</span> <span class='ocrx_word' id='word_1_28' title='bbox 1125 457 1192 514; x_wconf 84' lang='lat' dir='ltr'>res</span> <span class='ocrx_word' id='word_1_29' title='bbox 1218 469 1424 516; x_wconf 80' lang='lat' dir='ltr'>humanas</span> 
     </span>
     <span class='ocr_line' id='line_1_5' title="bbox 141 537 1421 596; baseline 0.001 -12"><span class='ocrx_word' id='word_1_30' title='bbox 141 551 184 584; x_wconf 91' lang='lat' dir='ltr'>et</span> <span class='ocrx_word' id='word_1_31' title='bbox 204 556 337 585; x_wconf 90' lang='lat' dir='ltr'>omne</span> <span class='ocrx_word' id='word_1_32' title='bbox 367 539 431 585; x_wconf 83' lang='lat' dir='ltr'>fas</span> <span class='ocrx_word' id='word_1_33' title='bbox 458 539 554 585; x_wconf 80' lang='lat' dir='ltr'>labi.</span> <span class='ocrx_word' id='word_1_34' title='bbox 575 543 634 585; x_wconf 87' lang='lat' dir='ltr'>At</span> <span class='ocrx_word' id='word_1_35' title='bbox 660 538 733 584; x_wconf 87' lang='lat' dir='ltr'>ista</span> <span class='ocrx_word' id='word_1_36' title='bbox 755 537 862 584; x_wconf 86' lang='lat' dir='ltr'>stant</span> <span class='ocrx_word' id='word_1_37' title='bbox 886 540 990 585; x_wconf 87' lang='lat' dir='ltr'>loco</span> <span class='ocrx_word' id='word_1_38' title='bbox 1012 540 1170 586; x_wconf 88' lang='lat' dir='ltr'>eodem</span> <span class='ocrx_word' id='word_1_39' title='bbox 1186 576 1200 596; x_wconf 91' lang='lat'>,</span> <span class='ocrx_word' id='word_1_40' title='bbox 1228 539 1421 586; x_wconf 87' lang='lat' dir='ltr'>stabunt-</span> 
     </span>
     <span class='ocr_line' id='line_1_6' title="bbox 139 612 1424 674; baseline 0.003 -17"><span class='ocrx_word' id='word_1_41' title='bbox 139 629 256 672; x_wconf 74' lang='lat' dir='ltr'>que,</span> <span class='ocrx_word' id='word_1_42' title='bbox 288 612 511 674; x_wconf 88' lang='lat' dir='ltr'>paululum</span> <span class='ocrx_word' id='word_1_43' title='bbox 551 613 775 658; x_wconf 82' lang='lat' dir='ltr'>dumtaxat</span> <span class='ocrx_word' id='word_1_44' title='bbox 804 613 923 658; x_wconf 85' lang='lat' dir='ltr'>ultro</span> <span class='ocrx_word' id='word_1_45' title='bbox 956 629 1028 660; x_wconf 88' lang='lat' dir='ltr'>aut</span> <span class='ocrx_word' id='word_1_46' title='bbox 1058 614 1172 660; x_wconf 91' lang='lat' dir='ltr'>citro</span> <span class='ocrx_word' id='word_1_47' title='bbox 1201 627 1350 670; x_wconf 87' lang='lat' dir='ltr'>mota,</span> <span class='ocrx_word' id='word_1_48' title='bbox 1376 625 1424 661; x_wconf 88' lang='lat' dir='ltr'>ut</span> 
     </span>
     <span class='ocr_line' id='line_1_7' title="bbox 138 685 1425 750; baseline 0.002 -19"><span class='ocrx_word' id='word_1_49' title='bbox 138 685 319 733; x_wconf 57' lang='lat' dir='ltr'>fluctus:</span> <span class='ocrx_word' id='word_1_50' title='bbox 357 704 470 750; x_wconf 86' lang='lat' dir='ltr'>quos</span> <span class='ocrx_word' id='word_1_51' title='bbox 494 686 630 732; x_wconf 85' lang='lat' dir='ltr'>aestus</span> <span class='ocrx_word' id='word_1_52' title='bbox 658 687 867 732; x_wconf 80' lang='lat' dir='ltr'>accedens</span> <span class='ocrx_word' id='word_1_53' title='bbox 896 688 1068 749; x_wconf 83' lang='lat' dir='ltr'>longius</span> <span class='ocrx_word' id='word_1_54' title='bbox 1090 688 1264 744; x_wconf 85' lang='lat' dir='ltr'>extulit,</span> <span class='ocrx_word' id='word_1_55' title='bbox 1298 705 1425 734; x_wconf 75' lang='lat' dir='ltr'>rece·</span> 
     </span>
     <span class='ocr_line' id='line_1_8' title="bbox 139 759 1423 822; baseline 0.002 -18"><span class='ocrx_word' id='word_1_56' title='bbox 139 759 245 805; x_wconf 86' lang='lat' dir='ltr'>dens</span> <span class='ocrx_word' id='word_1_57' title='bbox 263 760 473 806; x_wconf 89' lang='lat' dir='ltr'>interiore</span> <span class='ocrx_word' id='word_1_58' title='bbox 491 760 670 804; x_wconf 83' lang='lat' dir='ltr'>litorum</span> <span class='ocrx_word' id='word_1_59' title='bbox 694 759 879 822; x_wconf 83' lang='lat' dir='ltr'>vestigio</span> <span class='ocrx_word' id='word_1_60' title='bbox 899 762 1051 806; x_wconf 88' lang='lat' dir='ltr'>tenuit.</span> <span class='ocrx_word' id='word_1_61' title='bbox 1085 763 1213 806; x_wconf 92' lang='lat' dir='ltr'>Nunc</span> <span class='ocrx_word' id='word_1_62' title='bbox 1239 761 1283 806; x_wconf 91' lang='lat' dir='ltr'>in</span> <span class='ocrx_word' id='word_1_63' title='bbox 1304 761 1423 807; x_wconf 88' lang='lat' dir='ltr'>adul·</span> 
     </span>
     <span class='ocr_line' id='line_1_9' title="bbox 139 833 1424 896; baseline 0.003 -20"><span class='ocrx_word' id='word_1_64' title='bbox 139 833 247 878; x_wconf 86' lang='lat' dir='ltr'>teria</span> <span class='ocrx_word' id='word_1_65' title='bbox 275 833 438 895; x_wconf 86' lang='lat' dir='ltr'>magis,</span> <span class='ocrx_word' id='word_1_66' title='bbox 470 849 601 890; x_wconf 87' lang='lat' dir='ltr'>quam</span> <span class='ocrx_word' id='word_1_67' title='bbox 630 833 674 878; x_wconf 90' lang='lat' dir='ltr'>in</span> <span class='ocrx_word' id='word_1_68' title='bbox 701 833 780 878; x_wconf 88' lang='lat' dir='ltr'>alia</span> <span class='ocrx_word' id='word_1_69' title='bbox 802 834 1077 895; x_wconf 78' lang='lat' dir='ltr'><strong>peccabitur,</strong></span> <span class='ocrx_word' id='word_1_70' title='bbox 1109 834 1424 896; x_wconf 80' lang='lat' dir='ltr'>abrumpetque</span> 
     </span>
     <span class='ocr_line' id='line_1_10' title="bbox 139 906 1424 972; baseline 0.002 -21"><span class='ocrx_word' id='word_1_71' title='bbox 139 906 316 954; x_wconf 81' lang='lat' dir='ltr'>fraenos</span> <span class='ocrx_word' id='word_1_72' title='bbox 339 910 548 970; x_wconf 71' lang='lat' dir='ltr'>pudicitia</span> <span class='ocrx_word' id='word_1_73' title='bbox 573 927 582 953; x_wconf 74' lang='grc' dir='ltr'>ε</span> <span class='ocrx_word' id='word_1_74' title='bbox 606 926 720 955; x_wconf 86' lang='lat' dir='ltr'>nunc</span> <span class='ocrx_word' id='word_1_75' title='bbox 742 910 1057 956; x_wconf 85' lang='lat' dir='ltr'>conviviorum</span> <span class='ocrx_word' id='word_1_76' title='bbox 1088 909 1252 972; x_wconf 83' lang='lat' dir='ltr'>vigebit</span> <span class='ocrx_word' id='word_1_77' title='bbox 1272 908 1395 954; x_wconf 93' lang='lat' dir='ltr'>furor</span> <span class='ocrx_word' id='word_1_78' title='bbox 1410 942 1424 963; x_wconf 92' lang='lat'>‚</span> 
     </span>
     <span class='ocr_line' id='line_1_11' title="bbox 139 978 1424 1042; baseline 0.002 -18"><span class='ocrx_word' id='word_1_79' title='bbox 139 993 182 1025; x_wconf 88' lang='lat' dir='ltr'>et</span> <span class='ocrx_word' id='word_1_80' title='bbox 199 978 490 1026; x_wconf 76' lang='lat' dir='ltr'>foediffimum</span> <span class='ocrx_word' id='word_1_81' title='bbox 520 980 888 1042; x_wconf 72' lang='lat' dir='ltr'>patrimoniorum</span> <span class='ocrx_word' id='word_1_82' title='bbox 913 981 1096 1026; x_wconf 85' lang='lat' dir='ltr'>exitium</span> <span class='ocrx_word' id='word_1_83' title='bbox 1119 980 1287 1026; x_wconf 85' lang='lat' dir='ltr'>culina:</span> <span class='ocrx_word' id='word_1_84' title='bbox 1308 997 1424 1027; x_wconf 90' lang='lat' dir='ltr'>nunc</span> 
     </span>
     <span class='ocr_line' id='line_1_12' title="bbox 139 1051 1425 1114; baseline 0.002 -18"><span class='ocrx_word' id='word_1_85' title='bbox 139 1051 277 1097; x_wconf 81' lang='lat' dir='ltr'>cultus</span> <span class='ocrx_word' id='word_1_86' title='bbox 297 1069 538 1114; x_wconf 86' lang='lat' dir='ltr'>corporum</span> <span class='ocrx_word' id='word_1_87' title='bbox 566 1052 726 1098; x_wconf 89' lang='lat' dir='ltr'>nimius</span> <span class='ocrx_word' id='word_1_88' title='bbox 747 1066 789 1098; x_wconf 92' lang='lat' dir='ltr'>et</span> <span class='ocrx_word' id='word_1_89' title='bbox 809 1052 976 1098; x_wconf 83' lang='lat' dir='ltr'>formae</span> <span class='ocrx_word' id='word_1_90' title='bbox 994 1070 1096 1098; x_wconf 80' lang='lat' dir='ltr'>cura</span> <span class='ocrx_word' id='word_1_91' title='bbox 1116 1084 1130 1102; x_wconf 84' lang='grc'>,</span> <span class='ocrx_word' id='word_1_92' title='bbox 1163 1069 1264 1113; x_wconf 88' lang='lat' dir='ltr'>prae</span> <span class='ocrx_word' id='word_1_93' title='bbox 1298 1053 1337 1098; x_wconf 84' lang='lat' dir='ltr'>se</span> <span class='ocrx_word' id='word_1_94' title='bbox 1361 1053 1425 1098; x_wconf 84' lang='lat' dir='ltr'>fe·</span> 
     </span>
     <span class='ocr_line' id='line_1_13' title="bbox 139 1124 1425 1186; baseline 0.002 -18"><span class='ocrx_word' id='word_1_95' title='bbox 139 1140 239 1169; x_wconf 90' lang='lat' dir='ltr'>rens</span> <span class='ocrx_word' id='word_1_96' title='bbox 256 1124 389 1169; x_wconf 83' lang='lat' dir='ltr'>animi</span> <span class='ocrx_word' id='word_1_97' title='bbox 414 1124 736 1171; x_wconf 78' lang='lat' dir='ltr'>deformitatem</span> <span class='ocrx_word' id='word_1_98' title='bbox 758 1142 768 1170; x_wconf 89' lang='lat'><strong>:</strong></span> <span class='ocrx_word' id='word_1_99' title='bbox 790 1142 906 1170; x_wconf 91' lang='lat' dir='ltr'>nunc</span> <span class='ocrx_word' id='word_1_100' title='bbox 927 1125 970 1170; x_wconf 90' lang='lat' dir='ltr'>in</span> <span class='ocrx_word' id='word_1_101' title='bbox 990 1125 1270 1186; x_wconf 81' lang='lat' dir='ltr'>petulantiam</span> <span class='ocrx_word' id='word_1_102' title='bbox 1290 1140 1332 1170; x_wconf 90' lang='lat' dir='ltr'>et</span> <span class='ocrx_word' id='word_1_103' title='bbox 1349 1142 1425 1170; x_wconf 87' lang='lat' dir='ltr'>au·</span> 
     </span>
     <span class='ocr_line' id='line_1_14' title="bbox 139 1196 1426 1259; baseline 0 -17"><span class='ocrx_word' id='word_1_104' title='bbox 139 1196 304 1242; x_wconf 84' lang='lat' dir='ltr'>daciam</span> <span class='ocrx_word' id='word_1_105' title='bbox 337 1212 538 1258; x_wconf 85' lang='lat' dir='ltr'>erumpet</span> <span class='ocrx_word' id='word_1_106' title='bbox 576 1199 684 1243; x_wconf 89' lang='lat' dir='ltr'>male</span> <span class='ocrx_word' id='word_1_107' title='bbox 720 1197 954 1259; x_wconf 85' lang='lat' dir='ltr'>dispensata</span> <span class='ocrx_word' id='word_1_108' title='bbox 985 1197 1159 1243; x_wconf 83' lang='lat' dir='ltr'>libertas</span> <span class='ocrx_word' id='word_1_109' title='bbox 1191 1215 1202 1243; x_wconf 71' lang='grc' dir='ltr'><strong><em>ε</em></strong></span> <span class='ocrx_word' id='word_1_110' title='bbox 1234 1214 1349 1243; x_wconf 91' lang='lat' dir='ltr'>nunc</span> <span class='ocrx_word' id='word_1_111' title='bbox 1381 1198 1426 1243; x_wconf 93' lang='lat' dir='ltr'>in</span> 
     </span>
     <span class='ocr_line' id='line_1_15' title="bbox 140 1268 1425 1331; baseline 0 -18"><span class='ocrx_word' id='word_1_112' title='bbox 140 1268 439 1314; x_wconf 70' lang='lat' dir='ltr'>crudelitatem</span> <span class='ocrx_word' id='word_1_113' title='bbox 466 1271 680 1331; x_wconf 84' lang='lat' dir='ltr'>privatam</span> <span class='ocrx_word' id='word_1_114' title='bbox 696 1286 745 1315; x_wconf 89' lang='lat' dir='ltr'>ac</span> <span class='ocrx_word' id='word_1_115' title='bbox 766 1268 984 1331; x_wconf 83' lang='lat' dir='ltr'>publicam</span> <span class='ocrx_word' id='word_1_116' title='bbox 1005 1269 1137 1314; x_wconf 81' lang='lat' dir='ltr'>ibitur</span> <span class='ocrx_word' id='word_1_117' title='bbox 1152 1305 1164 1326; x_wconf 94' lang='lat'>,</span> <span class='ocrx_word' id='word_1_118' title='bbox 1186 1269 1425 1314; x_wconf 87' lang='lat' dir='ltr'>bellorum-</span> 
     </span>
     <span class='ocr_line' id='line_1_16' title="bbox 140 1341 1425 1404; baseline 0 -18"><span class='ocrx_word' id='word_1_119' title='bbox 140 1358 227 1404; x_wconf 85' lang='lat' dir='ltr'>que</span> <span class='ocrx_word' id='word_1_120' title='bbox 248 1342 446 1387; x_wconf 83' lang='lat' dir='ltr'>civilium</span> <span class='ocrx_word' id='word_1_121' title='bbox 471 1342 674 1388; x_wconf 84' lang='lat' dir='ltr'>insaniam</span> <span class='ocrx_word' id='word_1_122' title='bbox 690 1378 704 1398; x_wconf 89' lang='lat'>,</span> <span class='ocrx_word' id='word_1_123' title='bbox 725 1359 809 1404; x_wconf 90' lang='lat' dir='ltr'>qua</span> <span class='ocrx_word' id='word_1_124' title='bbox 829 1358 962 1387; x_wconf 89' lang='lat' dir='ltr'>omne</span> <span class='ocrx_word' id='word_1_125' title='bbox 982 1341 1169 1387; x_wconf 57' lang='lat' dir='ltr'>sanctum</span> <span class='ocrx_word' id='word_1_126' title='bbox 1190 1357 1239 1386; x_wconf 90' lang='lat' dir='ltr'>ac</span> <span class='ocrx_word' id='word_1_127' title='bbox 1258 1341 1425 1386; x_wconf 83' lang='lat' dir='ltr'>sacrum</span> 
     </span>
     <span class='ocr_line' id='line_1_17' title="bbox 140 1414 1425 1477; baseline 0 -18"><span class='ocrx_word' id='word_1_128' title='bbox 140 1415 413 1477; x_wconf 80' lang='lat' dir='ltr'>profanetur.</span> <span class='ocrx_word' id='word_1_129' title='bbox 433 1416 678 1463; x_wconf 81' lang='lat' dir='ltr'>Habebitur</span> <span class='ocrx_word' id='word_1_130' title='bbox 703 1415 940 1477; x_wconf 87' lang='lat' dir='ltr'>aliquando</span> <span class='ocrx_word' id='word_1_131' title='bbox 962 1414 1160 1461; x_wconf 86' lang='lat' dir='ltr'>ebrietati</span> <span class='ocrx_word' id='word_1_132' title='bbox 1187 1415 1357 1467; x_wconf 89' lang='lat' dir='ltr'>honor,</span> <span class='ocrx_word' id='word_1_133' title='bbox 1381 1426 1425 1460; x_wconf 90' lang='lat' dir='ltr'>et</span> 
     </span>
     <span class='ocr_line' id='line_1_18' title="bbox 141 1486 1427 1552; baseline -0.001 -20"><span class='ocrx_word' id='word_1_134' title='bbox 141 1488 380 1550; x_wconf 86' lang='lat' dir='ltr'>plurimum</span> <span class='ocrx_word' id='word_1_135' title='bbox 410 1491 520 1536; x_wconf 88' lang='lat' dir='ltr'>meri</span> <span class='ocrx_word' id='word_1_136' title='bbox 553 1489 710 1552; x_wconf 74' lang='lat' dir='ltr'>cepisse</span> <span class='ocrx_word' id='word_1_137' title='bbox 746 1489 885 1534; x_wconf 84' lang='lat' dir='ltr'>virtus</span> <span class='ocrx_word' id='word_1_138' title='bbox 917 1488 1012 1535; x_wconf 84' lang='lat' dir='ltr'>erit.</span> <span class='ocrx_word' id='word_1_139' title='bbox 1046 1487 1151 1532; x_wconf 93' lang='lat' dir='ltr'>Non</span> <span class='ocrx_word' id='word_1_140' title='bbox 1180 1486 1427 1548; x_wconf 68' lang='lat' dir='ltr'>exspeftant</span> 
     </span>
     <span class='ocr_line' id='line_1_19' title="bbox 143 1559 1428 1610; baseline 0.001 -5"><span class='ocrx_word' id='word_1_141' title='bbox 143 1577 235 1606; x_wconf 91' lang='lat' dir='ltr'>uno</span> <span class='ocrx_word' id='word_1_142' title='bbox 261 1562 367 1608; x_wconf 90' lang='lat' dir='ltr'>loco</span> <span class='ocrx_word' id='word_1_143' title='bbox 391 1563 496 1610; x_wconf 86' lang='lat' dir='ltr'>vitia</span> <span class='ocrx_word' id='word_1_144' title='bbox 522 1580 532 1608; x_wconf 77' lang='lat' dir='ltr'><strong><em>z</em></strong></span> <span class='ocrx_word' id='word_1_145' title='bbox 562 1562 634 1609; x_wconf 90' lang='lat' dir='ltr'>sed</span> <span class='ocrx_word' id='word_1_146' title='bbox 664 1562 844 1608; x_wconf 86' lang='lat' dir='ltr'>mobilia</span> <span class='ocrx_word' id='word_1_147' title='bbox 866 1575 907 1607; x_wconf 89' lang='lat' dir='ltr'>et</span> <span class='ocrx_word' id='word_1_148' title='bbox 933 1561 1046 1607; x_wconf 90' lang='lat' dir='ltr'>inter</span> <span class='ocrx_word' id='word_1_149' title='bbox 1075 1560 1116 1607; x_wconf 89' lang='lat' dir='ltr'>se</span> <span class='ocrx_word' id='word_1_150' title='bbox 1142 1559 1428 1606; x_wconf 68' lang='lat' dir='ltr'>dissentientia</span> 
     </span>
     <span class='ocr_line' id='line_1_20' title="bbox 142 1632 1426 1697; baseline -0.002 -19"><span class='ocrx_word' id='word_1_151' title='bbox 142 1633 480 1689; x_wconf 84' lang='lat' dir='ltr'>tumultuantur,</span> <span class='ocrx_word' id='word_1_152' title='bbox 511 1635 674 1697; x_wconf 90' lang='lat' dir='ltr'>pellunt</span> <span class='ocrx_word' id='word_1_153' title='bbox 693 1635 885 1682; x_wconf 89' lang='lat' dir='ltr'>invicem</span> <span class='ocrx_word' id='word_1_154' title='bbox 904 1670 917 1689; x_wconf 89' lang='lat'>‚</span> <span class='ocrx_word' id='word_1_155' title='bbox 947 1633 1253 1696; x_wconf 85' lang='lat' dir='ltr'>fuganturque.</span> <span class='ocrx_word' id='word_1_156' title='bbox 1292 1632 1426 1677; x_wconf 84' lang='lat' dir='ltr'>Cete-</span> 
     </span>
     <span class='ocr_line' id='line_1_21' title="bbox 140 1704 1498 1769; baseline -0.001 -20"><span class='ocrx_word' id='word_1_157' title='bbox 140 1721 241 1750; x_wconf 86' lang='lat' dir='ltr'>rum</span> <span class='ocrx_word' id='word_1_158' title='bbox 268 1704 382 1751; x_wconf 89' lang='lat' dir='ltr'>idem</span> <span class='ocrx_word' id='word_1_159' title='bbox 410 1706 577 1769; x_wconf 85' lang='lat' dir='ltr'>semper</span> <span class='ocrx_word' id='word_1_160' title='bbox 605 1709 659 1753; x_wconf 88' lang='lat' dir='ltr'>de</span> <span class='ocrx_word' id='word_1_161' title='bbox 687 1708 815 1753; x_wconf 80' lang='lat' dir='ltr'>nobis</span> <span class='ocrx_word' id='word_1_162' title='bbox 837 1707 1118 1768; x_wconf 87' lang='lat' dir='ltr'>pronuntiare</span> <span class='ocrx_word' id='word_1_163' title='bbox 1146 1704 1429 1760; x_wconf 85' lang='lat' dir='ltr'>debebimus,</span> <span class='ocrx_word' id='word_1_164' title='bbox 1493 1708 1498 1713; x_wconf 88' lang='grc'><strong><em>’</em></strong></span> 
     </span>
     <span class='ocr_line' id='line_1_22' title="bbox 143 1777 1429 1837; baseline -0.001 -14"><span class='ocrx_word' id='word_1_165' title='bbox 143 1778 282 1824; x_wconf 83' lang='lat' dir='ltr'>malos</span> <span class='ocrx_word' id='word_1_166' title='bbox 300 1778 383 1825; x_wconf 82' lang='lat' dir='ltr'>effe</span> <span class='ocrx_word' id='word_1_167' title='bbox 414 1795 521 1837; x_wconf 89' lang='lat' dir='ltr'>nos,</span> <span class='ocrx_word' id='word_1_168' title='bbox 541 1780 680 1826; x_wconf 88' lang='lat' dir='ltr'>malos</span> <span class='ocrx_word' id='word_1_169' title='bbox 702 1779 847 1837; x_wconf 77' lang='lat' dir='ltr'>fuisse,</span> <span class='ocrx_word' id='word_1_170' title='bbox 866 1779 1032 1826; x_wconf 86' lang='lat' dir='ltr'>invitus</span> <span class='ocrx_word' id='word_1_171' title='bbox 1050 1778 1250 1824; x_wconf 86' lang='lat' dir='ltr'>adiiciam</span> <span class='ocrx_word' id='word_1_172' title='bbox 1266 1811 1280 1833; x_wconf 93' lang='lat'>,</span> <span class='ocrx_word' id='word_1_173' title='bbox 1301 1791 1345 1822; x_wconf 91' lang='lat' dir='ltr'>et</span> <span class='ocrx_word' id='word_1_174' title='bbox 1362 1777 1429 1822; x_wconf 85' lang='lat' dir='ltr'>fu·</span> 
     </span>
     <span class='ocr_line' id='line_1_23' title="bbox 144 1850 1428 1916; baseline -0.003 -17"><span class='ocrx_word' id='word_1_175' title='bbox 144 1868 268 1899; x_wconf 88' lang='lat' dir='ltr'>turos</span> <span class='ocrx_word' id='word_1_176' title='bbox 289 1854 388 1900; x_wconf 75' lang='lat' dir='ltr'>esse.</span> <span class='ocrx_word' id='word_1_177' title='bbox 418 1856 554 1899; x_wconf 84' lang='lat' dir='ltr'>Erunt</span> <span class='ocrx_word' id='word_1_178' title='bbox 581 1854 857 1909; x_wconf 83' lang='lat' dir='ltr'>homicidae,</span> <span class='ocrx_word' id='word_1_179' title='bbox 890 1853 1097 1916; x_wconf 81' lang='lat' dir='ltr'>tyranni,</span> <span class='ocrx_word' id='word_1_180' title='bbox 1128 1851 1268 1904; x_wconf 88' lang='lat' dir='ltr'>fures,</span> <span class='ocrx_word' id='word_1_181' title='bbox 1305 1850 1428 1896; x_wconf 87' lang='lat' dir='ltr'>adul-</span> 
     </span>
     <span class='ocr_line' id='line_1_24' title="bbox 144 1924 1431 1992; baseline -0.004 -18"><span class='ocrx_word' id='word_1_182' title='bbox 144 1929 248 1985; x_wconf 89' lang='lat' dir='ltr'>teri,</span> <span class='ocrx_word' id='word_1_183' title='bbox 271 1945 467 1992; x_wconf 87' lang='lat' dir='ltr'>raptores</span> <span class='ocrx_word' id='word_1_184' title='bbox 481 1965 494 1987; x_wconf 87' lang='lat'>,</span> <span class='ocrx_word' id='word_1_185' title='bbox 515 1928 736 1991; x_wconf 79' lang='lat' dir='ltr'>sacrilegi,</span> <span class='ocrx_word' id='word_1_186' title='bbox 757 1928 1031 1990; x_wconf 84' lang='lat' dir='ltr'>proditores:</span> <span class='ocrx_word' id='word_1_187' title='bbox 1053 1925 1164 1971; x_wconf 84' lang='lat' dir='ltr'>infra</span> <span class='ocrx_word' id='word_1_188' title='bbox 1183 1924 1259 1970; x_wconf 87' lang='lat' dir='ltr'>ista</span> <span class='ocrx_word' id='word_1_189' title='bbox 1278 1925 1431 1971; x_wconf 86' lang='lat' dir='ltr'>omnia</span> 
     </span>
     <span class='ocr_line' id='line_1_25' title="bbox 145 1998 1429 2064; baseline -0.003 -19"><span class='ocrx_word' id='word_1_190' title='bbox 145 2000 335 2063; x_wconf 85' lang='lat' dir='ltr'>ingratus</span> <span class='ocrx_word' id='word_1_191' title='bbox 360 2001 447 2059; x_wconf 86' lang='lat' dir='ltr'>est,</span> <span class='ocrx_word' id='word_1_192' title='bbox 475 2001 551 2047; x_wconf 85' lang='lat' dir='ltr'>nifi</span> <span class='ocrx_word' id='word_1_193' title='bbox 581 2002 702 2064; x_wconf 90' lang='lat' dir='ltr'>quod</span> <span class='ocrx_word' id='word_1_194' title='bbox 724 2000 874 2046; x_wconf 86' lang='lat' dir='ltr'>omnia</span> <span class='ocrx_word' id='word_1_195' title='bbox 895 1999 970 2046; x_wconf 85' lang='lat' dir='ltr'>ista</span> <span class='ocrx_word' id='word_1_196' title='bbox 997 1999 1050 2046; x_wconf 85' lang='lat' dir='ltr'>ab</span> <span class='ocrx_word' id='word_1_197' title='bbox 1076 1999 1247 2061; x_wconf 86' lang='lat' dir='ltr'>ingrato</span> <span class='ocrx_word' id='word_1_198' title='bbox 1278 1998 1429 2044; x_wconf 85' lang='lat' dir='ltr'>animo</span> 
     </span>
     <span class='ocr_line' id='line_1_26' title="bbox 145 2070 1428 2138; baseline 0 -20"><span class='ocrx_word' id='word_1_199' title='bbox 145 2072 268 2130; x_wconf 85' lang='lat' dir='ltr'>sunt,</span> <span class='ocrx_word' id='word_1_200' title='bbox 305 2073 393 2121; x_wconf 87' lang='lat' dir='ltr'>sine</span> <span class='ocrx_word' id='word_1_201' title='bbox 413 2091 505 2138; x_wconf 88' lang='lat' dir='ltr'>quo</span> <span class='ocrx_word' id='word_1_202' title='bbox 537 2074 612 2121; x_wconf 77' lang='lat' dir='ltr'>vix</span> <span class='ocrx_word' id='word_1_203' title='bbox 639 2075 773 2121; x_wconf 88' lang='lat' dir='ltr'>ullum</span> <span class='ocrx_word' id='word_1_204' title='bbox 807 2090 1011 2136; x_wconf 87' lang='lat' dir='ltr'>magnum</span> <span class='ocrx_word' id='word_1_205' title='bbox 1031 2071 1198 2119; x_wconf 86' lang='lat' dir='ltr'>facinus</span> <span class='ocrx_word' id='word_1_206' title='bbox 1223 2070 1428 2118; x_wconf 88' lang='lat' dir='ltr'>accrevit.</span> 
     </span>
     <span class='ocr_line' id='line_1_27' title="bbox 147 2143 1432 2207; baseline -0.002 -17"><span class='ocrx_word' id='word_1_207' title='bbox 147 2146 249 2191; x_wconf 87' lang='lat' dir='ltr'>Hoc</span> <span class='ocrx_word' id='word_1_208' title='bbox 270 2158 316 2191; x_wconf 90' lang='lat' dir='ltr'>tu</span> <span class='ocrx_word' id='word_1_209' title='bbox 337 2162 446 2192; x_wconf 86' lang='lat' dir='ltr'>cave</span> <span class='ocrx_word' id='word_1_210' title='bbox 460 2181 473 2203; x_wconf 96' lang='lat'>,</span> <span class='ocrx_word' id='word_1_211' title='bbox 497 2162 703 2207; x_wconf 82' lang='lat' dir='ltr'>tanquam</span> <span class='ocrx_word' id='word_1_212' title='bbox 734 2145 972 2191; x_wconf 83' lang='lat' dir='ltr'>maximum</span> <span class='ocrx_word' id='word_1_213' title='bbox 993 2145 1182 2201; x_wconf 86' lang='lat' dir='ltr'>crimen,</span> <span class='ocrx_word' id='word_1_214' title='bbox 1204 2161 1258 2191; x_wconf 87' lang='lat' dir='ltr'>ne</span> <span class='ocrx_word' id='word_1_215' title='bbox 1276 2143 1432 2189; x_wconf 88' lang='lat' dir='ltr'>admit-</span> 
     </span>
     <span class='ocr_line' id='line_1_28' title="bbox 146 2215 1430 2280; baseline 0.001 -19"><span class='ocrx_word' id='word_1_216' title='bbox 146 2228 211 2262; x_wconf 86' lang='lat' dir='ltr'>tas</span> <span class='ocrx_word' id='word_1_217' title='bbox 242 2234 253 2260; x_wconf 92' lang='lat'>:</span> <span class='ocrx_word' id='word_1_218' title='bbox 289 2217 465 2278; x_wconf 78' lang='lat' dir='ltr'>ignosce</span> <span class='ocrx_word' id='word_1_219' title='bbox 499 2231 705 2280; x_wconf 85' lang='lat' dir='ltr'>tanquam</span> <span class='ocrx_word' id='word_1_220' title='bbox 745 2217 988 2274; x_wconf 68' lang='lat' dir='ltr'>levissimo,</span> <span class='ocrx_word' id='word_1_221' title='bbox 1025 2216 1055 2262; x_wconf 85' lang='lat' dir='ltr'>fi</span> <span class='ocrx_word' id='word_1_222' title='bbox 1091 2216 1319 2263; x_wconf 78' lang='lat' dir='ltr'>admissum</span> <span class='ocrx_word' id='word_1_223' title='bbox 1354 2215 1430 2262; x_wconf 83' lang='lat' dir='ltr'>est.</span> 
     </span>
     <span class='ocr_line' id='line_1_29' title="bbox 149 2287 1431 2351; baseline 0.002 -17"><span class='ocrx_word' id='word_1_224' title='bbox 149 2289 270 2336; x_wconf 85' lang='lat' dir='ltr'>Haec</span> <span class='ocrx_word' id='word_1_225' title='bbox 288 2290 348 2336; x_wconf 89' lang='lat' dir='ltr'>est</span> <span class='ocrx_word' id='word_1_226' title='bbox 369 2291 486 2337; x_wconf 90' lang='lat' dir='ltr'>enim</span> <span class='ocrx_word' id='word_1_227' title='bbox 508 2290 687 2336; x_wconf 87' lang='lat' dir='ltr'>iniuriae</span> <span class='ocrx_word' id='word_1_228' title='bbox 708 2290 886 2336; x_wconf 76' lang='lat' dir='ltr'>summa.</span> <span class='ocrx_word' id='word_1_229' title='bbox 907 2289 1170 2336; x_wconf 79' lang='lat' dir='ltr'>Beneficium</span> <span class='ocrx_word' id='word_1_230' title='bbox 1193 2287 1431 2351; x_wconf 89' lang='lat' dir='ltr'>perdidisti.</span> 
     </span>
     <span class='ocr_line' id='line_1_30' title="bbox 149 2359 1434 2425; baseline -0.003 -17"><span class='ocrx_word' id='word_1_231' title='bbox 149 2364 329 2410; x_wconf 82' lang='lat' dir='ltr'>Salvum</span> <span class='ocrx_word' id='word_1_232' title='bbox 355 2363 416 2411; x_wconf 85' lang='lat' dir='ltr'>est</span> <span class='ocrx_word' id='word_1_233' title='bbox 445 2363 521 2409; x_wconf 87' lang='lat' dir='ltr'>tibi</span> <span class='ocrx_word' id='word_1_234' title='bbox 553 2381 605 2409; x_wconf 79' lang='lat' dir='ltr'>ex</span> <span class='ocrx_word' id='word_1_235' title='bbox 635 2364 711 2410; x_wconf 92' lang='lat' dir='ltr'>illo</span> <span class='ocrx_word' id='word_1_236' title='bbox 728 2400 740 2420; x_wconf 91' lang='lat'>‚</span> <span class='ocrx_word' id='word_1_237' title='bbox 774 2364 896 2425; x_wconf 91' lang='lat' dir='ltr'>quod</span> <span class='ocrx_word' id='word_1_238' title='bbox 916 2362 976 2409; x_wconf 87' lang='lat' dir='ltr'>est</span> <span class='ocrx_word' id='word_1_239' title='bbox 994 2363 1208 2424; x_wconf 88' lang='lat' dir='ltr'>optimum</span> <span class='ocrx_word' id='word_1_240' title='bbox 1230 2380 1240 2406; x_wconf 81' lang='lat' dir='ltr'><em>z</em></span> <span class='ocrx_word' id='word_1_241' title='bbox 1265 2359 1434 2409; x_wconf 82' lang='lat' dir='ltr'>dedisti.</span> 
     </span>
     <span class='ocr_line' id='line_1_31' title="bbox 149 2433 1431 2496; baseline -0.002 -16"><span class='ocrx_word' id='word_1_242' title='bbox 149 2435 541 2493; x_wconf 84' lang='lat' dir='ltr'>Quemadmodum</span> <span class='ocrx_word' id='word_1_243' title='bbox 563 2449 705 2481; x_wconf 89' lang='lat' dir='ltr'>autem</span> <span class='ocrx_word' id='word_1_244' title='bbox 738 2438 976 2482; x_wconf 88' lang='lat' dir='ltr'>curandum</span> <span class='ocrx_word' id='word_1_245' title='bbox 992 2470 1003 2487; x_wconf 83' lang='lat'>,</span> <span class='ocrx_word' id='word_1_246' title='bbox 1036 2451 1082 2481; x_wconf 90' lang='lat' dir='ltr'>ut</span> <span class='ocrx_word' id='word_1_247' title='bbox 1101 2435 1145 2480; x_wconf 89' lang='lat' dir='ltr'>in</span> <span class='ocrx_word' id='word_1_248' title='bbox 1165 2451 1241 2481; x_wconf 89' lang='lat' dir='ltr'>eos</span> <span class='ocrx_word' id='word_1_249' title='bbox 1260 2433 1431 2496; x_wconf 74' lang='lat' dir='ltr'>potissi-</span> 
     </span>
     <span class='ocr_line' id='line_1_32' title="bbox 147 2505 1435 2573; baseline 0.001 -19"><span class='ocrx_word' id='word_1_250' title='bbox 147 2523 271 2555; x_wconf 88' lang='lat' dir='ltr'>mum</span> <span class='ocrx_word' id='word_1_251' title='bbox 309 2507 521 2557; x_wconf 83' lang='lat' dir='ltr'>beneficia</span> <span class='ocrx_word' id='word_1_252' title='bbox 559 2507 838 2557; x_wconf 84' lang='lat' dir='ltr'>conferamus</span> <span class='ocrx_word' id='word_1_253' title='bbox 856 2545 871 2569; x_wconf 95' lang='lat'>,</span> <span class='ocrx_word' id='word_1_254' title='bbox 911 2509 988 2573; x_wconf 87' lang='lat' dir='ltr'>qui</span> <span class='ocrx_word' id='word_1_255' title='bbox 1026 2520 1144 2572; x_wconf 79' lang='lat' dir='ltr'>grate</span> <span class='ocrx_word' id='word_1_256' title='bbox 1183 2505 1435 2570; x_wconf 84' lang='lat' dir='ltr'>responsuri</span> 
     </span>
    </p>
   </div>
  </div>
 </body>
</html>
