1742 2967
289 239 376 285 ¹32
524 220 901 271 LANNAEI
953 223 1303 273 SENECAE

281 335 384 388 lint,
415 331 674 394 relinquam.
709 330 781 377 Tu
812 331 951 377 modo
978 347 1059 377 nos
1090 343 1240 389 tuere,
1268 332 1298 379 si
1329 332 1424 394 quis
1454 333 1560 383 mihi

279 406 488 463 obiiciet‚
519 406 641 468 quod
677 404 979 468 Chryfippum
1000 405 1045 449 in
1069 406 1270 451 ordinem
1303 407 1524 470 coegerim
1546 443 1559 466 ,

277 496 485 543 magnum
520 476 770 524 mehercule
804 477 949 524 virum
970 513 984 533 ,
1020 477 1091 525 sed
1123 493 1268 526 tamen
1304 483 1524 528 Graecum
1544 515 1559 539 ,

275 552 400 599 cuius
423 567 608 598 acumen
637 550 766 596 nimis
796 564 930 597 tenue
958 551 1230 608 retunditur,
1255 564 1298 598 et
1325 552 1368 598 in
1396 554 1438 599 se
1465 554 1556 600 sae-

275 640 333 687 pe
367 623 606 685 replicatur
638 638 648 666 :
682 621 815 667 etiam
853 638 952 667 cum
989 638 1114 685 agere
1153 623 1316 686 aliquid
1350 625 1558 680 videtur,

275 695 458 756 pungit,
483 708 574 738 non
604 690 811 754 perforat.
840 691 942 737 Hoc
969 707 1080 739 vero
1112 693 1234 755 quod
1257 711 1441 741 acumen
1460 695 1520 742 est
1542 701 1557 741 ?

273 769 348 816 De
367 764 587 812 beneficiis
608 764 844 810 dicendum
873 763 933 809 est
949 800 962 821 ‚
987 778 1029 810 et
1052 765 1296 811 ordinanda
1323 784 1416 823 res,
1444 784 1557 831 quae

272 839 462 886 maxime
487 836 737 883 societatem
761 835 993 882 humanam
1026 837 1169 900 alligat
1190 855 1201 883 :
1226 839 1365 885 danda
1393 841 1460 885 lex
1482 842 1554 887 vi-

271 927 369 968 tae,
412 927 466 956 ne
498 908 574 955 sub
603 907 748 969 specie
779 905 1059 969 benignitatis
1096 907 1342 955 inconsulta
1374 908 1556 958 facilitas

271 985 466 1047 placeat;
494 998 547 1029 ne
572 980 902 1036 liberalitatem,
926 996 1054 1042 quarn
1086 997 1165 1027 nec
1187 982 1327 1028 deeffe
1353 996 1557 1045 oportet,

270 1074 354 1104 nec
373 1054 658 1119 superfluere,
681 1053 789 1099 haec
809 1052 896 1114 ipsa
915 1053 1168 1099 observatio
1188 1053 1430 1117 restringat,
1450 1055 1554 1102 dum

269 1141 484 1192 temperat
517 1146 528 1175 t
560 1127 751 1174 docendi
776 1125 872 1172 sunt
899 1125 1085 1172 libenter
1114 1126 1339 1189 accipere,
1369 1127 1556 1175 libenter

272 1204 482 1260 reddere,
510 1215 554 1248 et
574 1217 776 1264 magnum
801 1198 900 1261 ipfis
929 1212 1149 1246 certamen
1179 1216 1459 1262 proponere,
1478 1218 1557 1248 eos

271 1277 430 1340 quibus
461 1274 646 1338 obligati
677 1274 799 1330 sunt,
826 1289 873 1328 re
897 1272 1136 1334 animoque
1165 1287 1257 1318 non
1286 1285 1454 1319 tantum
1482 1291 1555 1320 ae-

272 1366 430 1413 quare,
454 1348 523 1395 sed
546 1348 741 1395 vincere.
762 1344 864 1409 quia
889 1344 965 1407 qui
995 1343 1159 1390 referre
1183 1345 1364 1408 gratiam
1395 1347 1550 1402 debet,

272 1438 496 1485 nunquam
517 1419 813 1482 consequitur,
834 1417 911 1463 nifi
929 1417 1165 1479 praeceffit.
1185 1418 1229 1463 hi
1251 1418 1440 1465 docendi
1460 1418 1554 1465 sunt

272 1496 381 1542 nihil
413 1494 660 1557 imputare:
691 1493 752 1538 illi
777 1492 871 1554 plus
903 1491 1074 1537 debere.
1111 1491 1179 1536 Ad
1209 1492 1318 1538 hanc
1342 1491 1553 1538 honestis—

272 1569 423 1615 simam
456 1567 808 1620 contentionem',
841 1562 1062 1611 beneficiis
1087 1563 1297 1611 beneficia
1319 1565 1555 1621 vincendi,

274 1641 332 1689 fic
358 1658 439 1687 nos
462 1640 716 1685 adhortatur
744 1637 1019 1702 Chrysippus
1034 1673 1047 1695 ‚
1067 1653 1116 1684 ut
1143 1638 1257 1683 dicat
1274 1669 1288 1692 ,
1307 1639 1552 1685 verendum

274 1714 388 1774 effe,
423 1731 476 1761 ne
512 1713 614 1776 quia
646 1713 843 1759 Charites
876 1712 996 1759 Iovis
1027 1711 1140 1758 filiae
1168 1712 1293 1770 sunt,
1329 1729 1478 1774 parum
1512 1714 1553 1760 se

275 1799 394 1851 grate
415 1803 586 1850 gerere,
612 1784 882 1847 sacrilegium
903 1784 977 1839 fit,
997 1797 1040 1830 et
1057 1796 1145 1830 tam
1166 1783 1289 1830 bellis
1309 1784 1458 1846 puellis
1477 1783 1553 1830 fiat

270 1861 438 1908 iniuria.
461 1861 533 1906 Tu
565 1876 634 1905 me
664 1859 831 1922 aliquid
861 1874 1017 1904 eorum
1049 1858 1190 1911 doce,
1225 1873 1302 1919 per
1334 1872 1447 1920 quae
1473 1857 1551 1903 be—

271 1935 554 1989 neficentior,
576 1933 826 1996 gratiorque
842 1932 1047 1979 adversus
1064 1933 1175 1979 bene
1195 1944 1409 1979 merentes
1431 1930 1549 1989 fiam,

273 2025 353 2072 per
384 2024 493 2069 quae
525 2006 841 2069 obligantium,
875 2005 1258 2067 obligatorumque
1286 2005 1418 2051 animi
1454 2022 1550 2051 cer—

272 2095 389 2137 tent,
410 2096 456 2127 ut
477 2080 551 2144 qui
579 2079 892 2141 praestiterint,
922 2078 1237 2125 obliviscantur
1253 2114 1267 2136 ‚
1289 2079 1484 2141 pertinax
1502 2079 1552 2125 sit

273 2155 489 2202 memoria
517 2154 795 2201 debentium.
827 2152 928 2198 Istae
961 2167 1074 2198 vero
1099 2151 1289 2213 ineptiae
1320 2150 1463 2213 poetis
1480 2168 1550 2198 r„-

273 2230 527 2293 linquantur
549 2245 560 2273 z
581 2227 740 2290 quibus
763 2242 885 2273 aures
905 2225 1128 2271 oblectare
1155 2223 1428 2287 propositum
1457 2223 1517 2269 est
1535 2259 1549 2282 ‚

272 2314 316 2349 et
343 2302 515 2347 dulcem
541 2299 730 2346 fabulam
761 2300 950 2346 neElere.
990 2301 1045 2344 At
1077 2297 1153 2360 qui
1182 2296 1356 2359 ingenia
1379 2295 1549 2352 sanare,

274 2391 318 2421 et
344 2375 475 2421 fidem
504 2376 549 2421 in
576 2375 705 2421 rebus
723 2374 923 2421 humanis
947 2373 1158 2429 retinere,
1186 2372 1445 2419 memoriam
1473 2370 1547 2417 of-

274 2446 478 2493 ficiorum
511 2448 707 2511 ingerere
739 2446 893 2492 animis
922 2445 1108 2502 volunt,
1138 2443 1250 2490 serio
1280 2444 1548 2506 loquantur,

272 2530 317 2566 et
345 2519 513 2583 magnis
538 2519 704 2569 viribus
737 2531 896 2582 agant:
924 2517 1002 2564 nisi
1031 2516 1146 2564 forte
1177 2514 1424 2573 existimas,
1454 2514 1546 2564 levi
