1742 2967
401 196 496 243 DE
545 193 988 242 BENEF‘ICHS
1040 196 1168 242 LIB.
1219 198 1287 243 ΠΙ.
1391 213 1484 260 ¹99

205 313 512 361 pervenerunt.
532 299 655 359 Quid
673 299 702 345 fi
721 299 816 362 quis
839 300 884 346 in
903 311 1070 346 tantum
1091 298 1320 361 proceffit,
1338 312 1386 345 ut
1405 312 1480 346 aut

206 372 456 433 eloquentia
483 387 561 432 per
590 387 736 435 gentes
765 371 1063 430 enotesceret‚
1093 384 1166 417 aut
1193 371 1378 429 iustitia,
1405 385 1480 419 aut

209 443 372 490 bellicis
389 443 539 501 rebus,
552 456 594 490 et
610 445 719 506 patri
736 461 913 508 quoque
930 444 1149 507 ingentem
1165 443 1481 491 circumfunde·

203 529 269 561 ret
296 514 484 572 famam,
512 516 798 577 tenebrasque
828 514 1032 561 natalium
1051 516 1226 562 suorum
1247 515 1358 562 clara
1384 516 1480 561 luce

205 586 460 633 discuteret:
486 603 579 632 non
597 587 904 634 inaestimabile
934 587 980 633 in
999 601 1196 649 parentes
1221 587 1320 634 suos
1346 586 1483 633 bene-

207 656 358 703 ficium
373 658 585 705 contulit?
603 661 673 704 An
685 659 912 722 quisquam
929 659 1173 706 Aristonem
1191 672 1233 705 et
1247 660 1452 723 Gryllum
1464 694 1489 717 ,‚

205 732 283 777 nifi
313 747 496 794 propter
518 732 868 794 Xenophontem
894 749 944 779 ac
969 733 1196 780 Platonem
1222 733 1361 790 filios,
1379 732 1481 780 nos·-

205 805 299 852 set?
328 806 670 868 Sophroniscum
704 807 903 854 Socrates
931 806 1148 870 exspirare
1179 824 1270 855 non
1306 808 1481 871 patitur.

204 878 390 925 Ceteros
413 895 670 925 enumerare
695 882 877 941 longum
906 878 966 925 est
981 914 994 935 ‚
1012 879 1087 941 qui
1116 879 1279 926 vivunt
1305 878 1366 925 ob
1386 877 1489 924 nul-2

205 949 290 996 lam
310 949 486 997 causam
500 949 628 996 aliam
644 985 658 1007 ‚
690 967 820 1013 quam
853 949 976 1013 quod
1003 948 1103 997 ilios
1130 949 1368 997 liberorum
1387 948 1479 995 exi·-

205 1023 292 1069 mia
321 1024 463 1071 virtus.
487 1023 667 1071 tradidit
697 1023 894 1086 posteris.
940 1025 1111 1071 Utrum>
1136 1024 1274 1070 maius
1311 1021 1478 1070 benefi—

203 1095 320 1143 cium
359 1096 479 1142 dedit
511 1097 574 1142 M.
606 1095 827 1158 Agrippae
857 1111 1007 1156 pater,
1035 1112 1088 1142 ne
1118 1094 1217 1157 post
1241 1094 1486 1158 Agrippam

205 1169 384 1232 quidem
413 1181 543 1217 notus
568 1187 579 1216 :
609 1186 662 1215 an
696 1168 809 1230 patri
839 1169 957 1214 dedit
984 1168 1174 1232 Agrippa
1190 1204 1204 1226 ,
1231 1169 1372 1216 navali
1396 1185 1478 1215 co-

204 1257 314 1287 rona
339 1239 538 1304 instgnis,
561 1240 743 1287 unicum
772 1239 953 1302 adeptus
980 1240 1093 1287 inter
1127 1240 1244 1286 dona
1279 1239 1487 1286 militaria.

204 1312 374 1358 decus?
409 1311 487 1374 qui
521 1323 589 1357 tot
623 1311 669 1357 in
703 1310 810 1356 urbe
846 1310 1039 1357 maxima
1073 1327 1208 1372 opera
1242 1310 1480 1365 excitavit,

204 1400 314 1445 quae
337 1396 381 1430 et
407 1383 604 1445 priorem
621 1381 989 1445 magnificentiam
1014 1383 1268 1441 vincerent,
1297 1397 1340 1431 et
1366 1385 1480 1430 nulla

206 1456 355 1518 postea
391 1456 707 1504 vincerentur?
741 1458 901 1503 Utrum
932 1456 1145 1504 Octavius
1173 1457 1314 1505 maius
1340 1458 1476 1506 ullum

206 1529 466 1578 beneficium
504 1530 624 1576 dedit
659 1528 755 1575 filio
778 1565 793 1587 ,
834 1547 889 1575 an
924 1530 1034 1590 patri
1066 1529 1194 1576 divus
1231 1530 1444 1593 Augustus
1465 1567 1478 1586 ‚

208 1601 410 1664 quamvis
447 1602 569 1647 illum
611 1601 766 1647 umbra
803 1601 1003 1664 adoptivi
1044 1604 1174 1664 patris
1207 1603 1430 1649 abscondit
1460 1603 1488 1648 ‚³

209 1675 430 1734 Quantam
457 1673 634 1736 cepiffet
663 1674 957 1736 voluptatem,
977 1675 1006 1719 si
1035 1676 1156 1721 illum
1173 1710 1187 1733 ,
1211 1675 1307 1737 post
1333 1675 1479 1720 debel»

209 1747 290 1792 lata
308 1763 427 1792 arma
453 1746 623 1805 civilia,
643 1745 815 1793 vidiffet
840 1747 1007 1793 securae
1027 1748 1123 1809 paci
1142 1747 1453 1810 praefidentem
1464 1780 1487 1802 ‚a

212 1836 304 1865 non
321 1818 556 1882 agnoscens
575 1819 744 1866 bonum
765 1819 885 1865 suum
900 1855 913 1877 ‚
937 1836 1017 1867 nec
1033 1820 1483 1883 satis‘credensffiuo-

213 1892 290 1939 ties
318 1891 564 1954 respexisset
593 1892 648 1940 ad
671 1892 945 1954 se,1p0tuiffe
971 1893 1091 1939 illum
1115 1893 1259 1941 virum
1279 1893 1322 1939 in
1341 1894 1484 1939 domo

212 1965 284 2012 sua
301 1965 447 2011 nasci?
487 1965 611 2026 Quid
637 1981 754 2011 nunc
781 1976 949 2012 ceteros
976 1965 1242 2029 persequar,
1260 1983 1372 2029 quos
1397 1967 1490 2013 iam-

212 2037 503 2087 consumfiffet
525 2038 728 2097 oblivio,
759 2039 833 2084 nist
864 2039 961 2086 illos
989 2038 1180 2085 filiorum
1209 2040 1345 2102 gloria
1368 2053 1481 2086 etea

214 2114 358 2160 nebris
368 2113 559 2170 eruiffet,
574 2125 617 2160 et
631 2113 773 2161 adbuc
788 2113 831 2158 in
845 2114 940 2160 luce
955 2114 1188 2160 retineret?
1208 2114 1377 2160 Deinde
1392 2129 1485 2159 non

213 2186 480 2249 quaerimus,
494 2186 711 2249 numquis
726 2184 836 2230 filius
855 2185 963 2246 patri
977 2186 1142 2231 maiora
1159 2184 1369 2230 beneficia
1383 2185 1482 2229 red-

215 2257 389 2312 diderit,
411 2275 541 2320 quam
565 2276 589 2304 a
608 2272 728 2320 patre
748 2272 976 2319 acceperat
994 2275 1005 2303 :
1031 2257 1102 2303 sed
1119 2274 1170 2301 an
1191 2256 1316 2318 poffit
1334 2255 1488 2318 aliquis

215 2331 385 2377 maiora
414 2332 609 2378 reddere.
639 2330 811 2378 Etiamsi
836 2347 948 2393 quae
972 2330 1095 2376 retuli
1122 2329 1348 2390 exempla,
1375 2345 1489 2374 non*

218 2404 321 2449 dum
346 2402 633 2459 satisfaciunt,
650 2418 728 2448 nec
748 2400 961 2449 beneficia
979 2417 1203 2464 parentum
1224 2401 1400 2446 {uorum
1423 2397 1490 2444 su-

218 2475 458 2538 permicant
478 2491 496 2521 εγ
511 2473 627 2538 capit
654 2486 798 2521 tamen
823 2473 909 2520 hoc
936 2486 1112 2531 natura,
1142 2472 1269 2533 quod.
1293 2470 1489 2518 nondum

1167 2552 1202 2583 nu
1244 2557 1273 2595 4
