1742 2967
277 225 332 254 12
496 209 545 255 L.
597 209 895 257 ANNAE!
948 211 1310 259 SENECAE

269 314 361 360 rit?
402 315 580 375 Quotus
599 316 783 379 quisque
807 317 1032 364 accusator
1060 331 1188 365 vacat
1217 318 1378 381 culpa?
1407 331 1449 366 et
1469 335 1545 366 ne-

269 387 375 441 scio,
395 403 450 431 an
469 403 600 432 nemo
623 387 677 434 ad
693 388 877 434 dandam
895 390 1068 435 veniam
1090 390 1309 436 difficilior
1326 390 1396 447 fit,
1413 406 1544 453 quam

267 459 345 521 qui
381 458 498 504 illam
531 474 678 522 petere
710 459 876 523 saepius
905 455 1079 509 meruit.
1122 462 1411 509 Peccavimus
1445 477 1544 507 om-

268 548 375 578 nes:
399 532 471 577 alii
492 533 641 595 gravia
658 569 672 589 ‚
698 533 767 578 alii
794 533 993 590 leviora,
1023 533 1093 580 alii
1121 552 1177 582 ex
1209 533 1446 590 destinate,
1475 533 1545 580 alii

268 604 386 652 forte
414 606 585 666 impulsi
604 639 618 662 ,
644 619 715 652 aut
746 606 882 653 aliena
904 607 1099 669 nequitia
1123 606 1279 654 ablati:
1304 607 1374 653 alii
1394 607 1437 652 in
1458 607 1544 653 bo-

269 679 333 724 nis
365 677 552 724 confiliis
571 696 722 741 parum
743 679 919 726 fortiter
939 679 1159 735 stetimus,
1181 692 1223 726 et
1247 680 1545 727 innocentiam

268 750 398 798 inviti
434 768 484 797 ac
519 752 749 799 renitentes
794 753 1075 816 perdidimus.
1121 753 1218 798 Nec
1255 752 1544 815 delinquimus

271 835 465 880 tantum,
493 824 564 871 sed
590 842 726 888 usque
757 826 814 872 ad
835 840 1079 873 extremum
1106 825 1202 870 aevi
1231 825 1548 887 delinquemus.

269 897 443 944 Etiamsi
475 900 572 961 quis
607 912 694 945 tam
728 899 839 946 bene
872 898 1078 963 purgavit
1110 899 1333 957 animum,
1361 910 1408 944 ut
1442 899 1548 945 nihil

270 969 505 1017 obturbare
531 989 630 1018 eum
663 973 851 1035 amplius
881 972 1012 1035 possit
1035 989 1085 1019 ac
1120 971 1296 1031 fallere,
1331 972 1386 1018 ad
1414 971 1548 1018 inno-

270 1043 459 1090 centiam
488 1057 631 1090 tamen
658 1045 884 1107 peccando
910 1044 1127 1107 pervenit.

335 1117 427 1162 Vll.
464 1117 691 1177 Quoniam
726 1117 914 1164 deorum
935 1116 1019 1163 feci
1046 1116 1318 1163 mentionem
1335 1153 1349 1175 ,
1378 1117 1549 1179 optime

269 1187 357 1234 hoc
392 1189 645 1250 exemplum
681 1188 872 1252 Principi
900 1188 1190 1246 constituam,
1219 1190 1274 1235 ad
1301 1191 1428 1252 quod
1455 1189 1550 1236 for-

271 1274 414 1306 metur
428 1296 444 1317 ,
469 1274 516 1306 ut
534 1260 576 1308 se
595 1262 723 1309 talem
743 1261 827 1307 effe
847 1260 1025 1309 civibus
1041 1291 1055 1314 ‚
1080 1260 1226 1322 quales
1251 1260 1329 1306 fibi
1347 1261 1455 1308 deos
1475 1278 1551 1308 ve-

271 1331 331 1377 lit.
356 1333 548 1394 ¹Expedit
577 1350 684 1397 ergo
713 1333 874 1379 habere
894 1332 1179 1379 inexorabilia
1202 1333 1394 1394 peccatis
1417 1345 1549 1397 atque

273 1405 496 1451 erroribus
521 1406 728 1452 numina?
755 1404 932 1468 expedit
959 1421 1100 1468 usque
1129 1404 1184 1450 ad
1208 1404 1405 1451 ultimam
1439 1406 1550 1453 infe·

277 1472 336 1519 sta
362 1476 599 1536 perniciem
623 1477 640 1523 ?
678 1476 837 1540 Ecquis
861 1492 1012 1539 regum
1037 1475 1120 1522 erit
1146 1486 1290 1531 tutus,
1317 1477 1436 1523 cuius
1457 1493 1550 1524 non

276 1547 475 1593 membra
505 1549 718 1609 aruspices
752 1548 986 1611 colligant?
1019 1546 1190 1608 Quodfi
1225 1548 1286 1593 dii
1315 1548 1549 1610 placabiles

276 1630 320 1664 et
359 1619 488 1683 aequi
524 1622 674 1668 delicta
707 1621 955 1684 potentium
999 1637 1092 1667 non
1124 1621 1262 1667 statim
1295 1621 1551 1670 fulminibus

277 1690 595 1754 persequuntur
616 1706 811 1756 :quanto
837 1693 1019 1757 aequius
1039 1693 1124 1751 est,
1150 1693 1378 1741 hominem
1404 1695 1550 1741 homi-

279 1761 403 1808 nibus
440 1764 734 1827 praepofitum
766 1764 861 1811 miti
887 1765 1036 1813 animo
1063 1782 1268 1813 exercere
1291 1765 1549 1828 imperium,

276 1848 320 1881 et
345 1837 561 1899 cogitare,
587 1851 734 1885 utrum
761 1840 914 1886 mundi
939 1838 1066 1886 status
1097 1840 1260 1905 gratior
1284 1839 1423 1887 oculis
1449 1840 1549 1903 pul—

281 1908 520 1972 chriorque
545 1909 593 1956 sit
620 1911 774 1958 sereno
802 1925 845 1957 et
875 1928 989 1973 puro
1018 1911 1117 1969 die,
1145 1929 1200 1958 an
1230 1928 1333 1959 cum
1361 1911 1550 1976 fragori-

282 1982 362 2029 bus
387 1984 548 2031 crebris
574 1985 724 2031 omnia
750 1986 1007 2048 quatiuntur
1023 2022 1038 2042 ‚
1064 1999 1107 2032 et
1134 1985 1255 2049 ignes
1284 1985 1388 2033 hinc
1417 2000 1549 2049 atque

282 2050 398 2100 illinc
422 2054 618 2102 micant?
658 2057 795 2120 Atqui
826 2073 917 2103 non
946 2056 1025 2103 alia
1055 2056 1188 2104 facies
1214 2056 1275 2104 est
1300 2057 1435 2121 quieti
1454 2074 1552 2105 mo-

283 2126 507 2191 deratique
526 2130 720 2192 imperii,
735 2147 864 2194 quam
884 2130 1019 2178 sereni
1040 2131 1151 2177 coeli
1169 2145 1213 2178 et
1234 2131 1419 2179 nitentis.
1439 2132 1551 2179 Cru-

282 2200 378 2246 dele
400 2218 579 2265 regnum
595 2240 608 2261 ‚
629 2206 878 2263 turbidum,
902 2205 1179 2268 tenebrisque
1202 2205 1436 2252 obscurum
1466 2205 1550 2264 est,

282 2270 394 2318 inter
420 2287 650 2323 trementes
670 2292 713 2324 et
738 2278 791 2323 ad
817 2278 1093 2340 repentinum
1123 2278 1312 2325 sonitum
1343 2277 1550 2341 expaves·

285 2356 452 2401 centes,
481 2363 559 2393 nec
589 2364 644 2393 eo
663 2350 841 2412 quidem
870 2350 947 2413 qui
975 2350 1124 2396 omnia
1148 2352 1292 2398 turbat
1318 2350 1550 2398 inconcus-

208 2418 219 2425 *
285 2413 345 2458 so.
378 2418 555 2465 Facilius
580 2420 761 2482 privatis
786 2421 1044 2484 ignoscitur,
1072 2424 1351 2484 pertinaciter
1378 2423 1419 2469 se
1445 2423 1550 2469 vin-

283 2492 533 2539 dicantibus.
562 2494 734 2556 possunt
763 2496 877 2543 enim
910 2497 1047 2556 laedi,
1078 2497 1294 2561 dolorque
1318 2513 1471 2543 eorum
1494 2497 1547 2543 ab
