1742 2967
397 209 483 256 DE
520 210 945 258 BENEFICIIS
993 212 1116 258 LIB.
1163 214 1233 259 111.
1394 212 1482 276 187

202 307 403 372 percipit.
445 313 500 355 At
534 326 670 372 quem
702 310 823 357 iuvat
857 309 1090 372 accepiffe,
1125 308 1290 372 aequali
1321 326 1483 373 perpe-

199 393 361 445 tuaque
389 381 621 443 voluptate
649 381 810 428 fruitur
834 399 844 427 ε
866 393 910 428 et
933 382 1126 427 animum
1145 382 1236 428 eius
1263 398 1285 428 a
1303 398 1394 444 quo
1411 398 1484 429 ac-

200 455 346 518 cepit,
377 471 467 501 non
495 472 589 502 rem
614 455 810 511 intuens,
838 456 1010 519 gaudet.
1038 456 1225 501 Gratum
1255 453 1482 500 hominem

197 528 370 595 semper
397 526 663 574 beneficium
691 529 895 585 dele&at‚
924 527 1138 592 ino-ratum
1170 526 1314 574 semel.
1342 528 1484 574 Com-

199 600 342 664 parari
373 610 520 645 autem
549 599 689 662 potest
718 600 947 663 itt-iusque
968 600 1072 646 vita.
1100 615 1200 645 cum
1227 599 1334 645 alter
1359 597 1486 644 tristis

197 671 248 718 fit
279 684 321 719 et
352 671 571 729 solicitus,
604 672 741 735 qualis
776 672 861 719 effe
904 670 1111 718 infitiator
1151 688 1199 718 ac
1233 670 1484 716 fraudulen-

198 759 266 793 tus
286 745 416 800 solet;
446 746 562 808 apud
587 763 717 808 quem
744 763 834 792 non
862 757 1089 808 parentum
1119 745 1195 807 qui
1221 745 1368 802 debet,
1399 745 1482 790 ho·

198 835 284 865 nor
312 817 398 885 est,
430 835 521 864 non
552 818 826 876 educatoris,
861 835 953 864 non
978 828 1346 880 praeceptorum:
1374 816 1483 864 alter

198 888 361 947 laetus,
397 888 573 946 hilaris,
622 889 896 935 occasionem
932 888 1181 935 referendae
1211 888 1370 951 gratiae
1405 906 1485 936 ex-

199 961 392 1024 ΐρεὲὶῃης
406 998 420 1019 ,
441 974 483 1008 et
501 980 551 1009 ex
571 963 660 1009 hoc
686 962 780 1024 ipso
800 961 959 1008 affeEtu
980 962 1185 1025 gaudium
1204 963 1364 1025 grande
1384 980 1483 1025 per-

200 1033 394 1096 cipiens;
415 1051 494 1080 nec
513 1051 726 1096 quaerens
745 1035 977 1098 quomodo
992 1037 1228 1098 decoquat,
1245 1035 1318 1081 sed
1332 1052 1486 1098 quem-

198 1106 439 1157 admodum
479 1107 647 1169 plenius
677 1107 938 1171 uberiusque
970 1108 1253 1169 respondeam
1292 1123 1382 1153 non
1410 1107 1486 1154 so-

200 1178 293 1225 lum
319 1179 572 1241 parentibus
596 1194 641 1227 et
667 1181 848 1235 amicis,
879 1180 949 1226 sed
974 1180 1279 1226 humilioribus
1307 1196 1487 1243 quoque

201 1249 412 1314 personis.
444 1252 559 1296 Nam
589 1251 722 1297 etiam
744 1250 773 1295 fi
801 1268 824 1296 a
853 1250 982 1296 servo
1015 1249 1092 1296 suo
1118 1249 1378 1296 beneficium
1410 1267 1487 1297 ac·-

199 1321 346 1385 cepit‚
370 1321 562 1369 aestimat
587 1339 677 1368 non
697 1339 722 1367 a
742 1339 858 1385 quo,
881 1321 954 1368 sed
972 1322 1081 1385 quid
1108 1321 1340 1385 acceperit.

231 1386 253 1408 x
267 1396 435 1443 XVIH.
468 1398 753 1459 Quamquam
783 1394 1004 1459 quaeritur
1021 1412 1045 1442 a
1067 1396 1329 1458 quibusdam
1345 1430 1358 1452 ,
1382 1394 1488 1443 ficut

202 1468 257 1515 ab
275 1470 521 1527 Hecatone,
537 1486 591 1515 an
609 1467 874 1516 beneficium
896 1468 996 1515 dare
1014 1467 1162 1515 servus
1182 1468 1369 1514 domino
1389 1469 1490 1530 pos-

203 1539 292 1586 fit?
313 1541 420 1586 Sunt
437 1541 553 1587 enim
582 1541 662 1603 qui
690 1539 749 1586 ita
778 1539 1046 1602 distinguunt
1062 1575 1076 1598 ,
1093 1541 1322 1600 Quaedam
1354 1540 1489 1588 bene-

206 1610 306 1658 ficia
323 1612 436 1672 effe,
456 1612 670 1676 quaedam
696 1611 866 1669 officia,
891 1611 1104 1674 quaedam
1131 1610 1377 1660 ministeria.
1409 1613 1490 1660 Be-

205 1685 414 1734 neficium
449 1687 565 1744 effe,
597 1687 721 1749 quod
749 1687 909 1733 alienus
943 1688 1016 1733 det
1049 1704 1060 1734 :
1096 1689 1262 1735 alienus
1295 1687 1381 1741 est,
1412 1686 1488 1749 qui

207 1761 353 1826 potuit
374 1762 461 1808 sine
490 1760 823 1824 reprehenfione
850 1761 1022 1808 cessare.
1052 1762 1265 1809 Officium
1288 1761 1374 1808 effe
1392 1759 1485 1818 filii,

207 1834 387 1893 uxoris,
417 1845 459 1880 et
486 1850 634 1880 earum
666 1835 945 1896 personarum
964 1870 978 1891 ‚
1004 1852 1110 1898 quas
1135 1833 1399 1881 neceffitudo
1418 1833 1489 1879 su-

208 1907 355 1966 scitat,
385 1921 428 1955 et
453 1907 565 1954 ferre
591 1899 725 1970 opem
754 1908 890 1955 iubet.
925 1908 1211 1954 Ministerium
1240 1907 1323 1954 effe
1349 1907 1486 1964 servi,

207 1997 341 2044 quem
376 1980 577 2028 conditio
605 1980 678 2027 sua
702 1997 758 2026 eo
792 1981 898 2026 loco
921 1980 1090 2043 posuit,
1121 1992 1168 2026 ut
1194 1979 1297 2026 nihil
1330 1995 1486 2026 eorum

207 2069 322 2115 quae
347 2052 557 2116 praestat,
585 2051 771 2116 imputet
796 2051 1023 2116 superiori.
1044 2054 1068 2077 *
1084 2054 1307 2099 Praeterea
1338 2051 1488 2099 servos

208 2127 286 2191 qui
318 2137 444 2189 negat
489 2127 590 2174 dare
619 2128 853 2190 aliquando
902 2126 1087 2173 domino
1115 2125 1375 2173 beneficium
1393 2161 1406 2183 ‚
1427 2125 1490 2187 ig·

209 2215 339 2247 narus
359 2198 421 2245 est
444 2198 550 2246 iuris
570 2199 761 2247 humani.
798 2198 930 2246 refert
957 2201 1073 2247 enim
1105 2199 1228 2246 cuius
1252 2197 1384 2243 animi
1413 2198 1462 2243 sit
1478 2233 1492 2254 ,

210 2273 286 2335 qui
314 2262 523 2334 praestat,
552 2289 640 2321 non
670 2276 792 2322 cuius
825 2275 969 2322 status,
1007 2274 1123 2320 Nulli
1150 2270 1365 2334 praeclusa
1397 2271 1489 2319 vir-

211 2360 279 2395 tus
299 2345 385 2404 est,
411 2346 614 2394 omnibus
638 2359 779 2410 patet,
812 2363 967 2395 omnes
997 2348 1212 2400 admittit,
1244 2359 1398 2391 omnes
1419 2344 1487 2391 inv

213 2419 351 2474 vitat,
385 2419 627 2483 ingenuos,
659 2419 889 2467 libertinos
908 2455 922 2479 ‚
951 2421 1127 2477 servos,
1157 2434 1306 2482 reges,
1334 2428 1378 2464 et
1406 2433 1488 2464 eit>o

209 2491 332 2544 sales„
352 2507 445 2539 non
465 2490 589 2556 eligit
616 2491 799 2540 domum
815 2527 831 2551 ,
852 2509 933 2540 nec
959 2490 1160 2542 censum:
1184 2490 1306 2539 nudo
1336 2488 1483 2537 homi·
