<?xml version="1.0" encoding="UTF-8"?>
<!DOCTYPE html PUBLIC "-//W3C//DTD XHTML 1.0 Transitional//EN"
    "http://www.w3.org/TR/xhtml1/DTD/xhtml1-transitional.dtd">
<html xmlns="http://www.w3.org/1999/xhtml" xml:lang="en" lang="en">
 <head>
  <title>
</title>
<meta http-equiv="Content-Type" content="text/html;charset=utf-8" />
  <meta name='ocr-system' content='tesseract 3.04.00' />
  <meta name='ocr-capabilities' content='ocr_page ocr_carea ocr_par ocr_line ocrx_word'/>
</head>
<body>
  <div class='ocr_page' id='page_1' title='image "./lannaeisenecaeph02seneuoft_0337.png"; bbox 0 0 1742 2967; ppageno 0'>
   <div class='ocr_carea' id='block_1_1' title="bbox 354 139 1426 221">
    <p class='ocr_par' dir='ltr' id='par_1_1' title="bbox 354 139 1426 221">
     <span class='ocr_line' id='line_1_1' title="bbox 354 139 1426 221; baseline 0.01 -29"><span class='ocrx_word' id='word_1_1' title='bbox 354 140 454 193; x_wconf 81' lang='lat' dir='ltr'><strong>DE</strong></span> <span class='ocrx_word' id='word_1_2' title='bbox 499 139 956 196; x_wconf 80' lang='lat' dir='ltr'><strong>BENEFICIIS</strong></span> <span class='ocrx_word' id='word_1_3' title='bbox 1005 151 1125 199; x_wconf 70' lang='grc' dir='ltr'><strong>ΜΒ.</strong></span> <span class='ocrx_word' id='word_1_4' title='bbox 1158 155 1235 200; x_wconf 84' lang='lat' dir='ltr'><strong>VI.</strong></span> <span class='ocrx_word' id='word_1_5' title='bbox 1340 165 1426 221; x_wconf 82' lang='lat'><strong>305</strong></span> 
     </span>
    </p>
   </div>
   <div class='ocr_carea' id='block_1_2' title="bbox 154 252 1457 2442">
    <p class='ocr_par' dir='ltr' id='par_1_2' title="bbox 154 252 1435 461">
     <span class='ocr_line' id='line_1_2' title="bbox 154 252 1435 323; baseline 0.009 -26"><span class='ocrx_word' id='word_1_6' title='bbox 154 262 240 323; x_wconf 75' lang='lat' dir='ltr'><strong>ego</strong></span> <span class='ocrx_word' id='word_1_7' title='bbox 263 252 484 315; x_wconf 81' lang='lat' dir='ltr'><strong>accipere,</strong></span> <span class='ocrx_word' id='word_1_8' title='bbox 505 254 579 300; x_wconf 92' lang='lat' dir='ltr'><strong>det</strong></span> <span class='ocrx_word' id='word_1_9' title='bbox 598 255 743 316; x_wconf 83' lang='lat' dir='ltr'><strong>potius</strong></span> <span class='ocrx_word' id='word_1_10' title='bbox 760 256 836 318; x_wconf 79' lang='lat' dir='ltr'><strong>qui</strong></span> <span class='ocrx_word' id='word_1_11' title='bbox 864 256 980 303; x_wconf 79' lang='lat' dir='ltr'><strong>solet.</strong></span> <span class='ocrx_word' id='word_1_12' title='bbox 1020 260 1117 321; x_wconf 84' lang='lat' dir='ltr'><strong>Ego</strong></span> <span class='ocrx_word' id='word_1_13' title='bbox 1137 272 1307 321; x_wconf 79' lang='lat' dir='ltr'><strong>paratus</strong></span> <span class='ocrx_word' id='word_1_14' title='bbox 1328 262 1435 310; x_wconf 67' lang='lat' dir='ltr'><strong>suni.</strong></span> 
     </span>
     <span class='ocr_line' id='line_1_3' title="bbox 156 325 1435 389; baseline 0.009 -18"><span class='ocrx_word' id='word_1_15' title='bbox 156 325 285 371; x_wconf 76' lang='lat' dir='ltr'>Nussa</span> <span class='ocrx_word' id='word_1_16' title='bbox 304 342 428 371; x_wconf 81' lang='lat' dir='ltr'><strong>mora</strong></span> <span class='ocrx_word' id='word_1_17' title='bbox 444 326 487 370; x_wconf 88' lang='lat' dir='ltr'><strong>in</strong></span> <span class='ocrx_word' id='word_1_18' title='bbox 504 327 678 373; x_wconf 81' lang='lat' dir='ltr'><strong>Turno.</strong></span> <span class='ocrx_word' id='word_1_19' title='bbox 710 327 934 374; x_wconf 80' lang='lat' dir='ltr'><strong>ostendam</strong></span> <span class='ocrx_word' id='word_1_20' title='bbox 956 330 1071 376; x_wconf 82' lang='lat' dir='ltr'><strong>hunc</strong></span> <span class='ocrx_word' id='word_1_21' title='bbox 1092 333 1283 382; x_wconf 80' lang='lat' dir='ltr'><strong>animum</strong></span> <span class='ocrx_word' id='word_1_22' title='bbox 1303 370 1315 389; x_wconf 81' lang='lat'><em>‚</em></span> <span class='ocrx_word' id='word_1_23' title='bbox 1335 353 1435 382; x_wconf 86' lang='lat' dir='ltr'><strong>cum</strong></span> 
     </span>
     <span class='ocr_line' id='line_1_4' title="bbox 156 399 1435 461; baseline 0.009 -18"><span class='ocrx_word' id='word_1_24' title='bbox 156 399 348 461; x_wconf 85' lang='lat' dir='ltr'><strong>primum</strong></span> <span class='ocrx_word' id='word_1_25' title='bbox 377 412 549 460; x_wconf 83' lang='lat' dir='ltr'><strong>tempus</strong></span> <span class='ocrx_word' id='word_1_26' title='bbox 580 400 834 447; x_wconf 81' lang='lat' dir='ltr'>advenerit:</span> <span class='ocrx_word' id='word_1_27' title='bbox 862 402 1034 449; x_wconf 76' lang='lat' dir='ltr'>interim</span> <span class='ocrx_word' id='word_1_28' title='bbox 1068 403 1126 449; x_wconf 79' lang='lat' dir='ltr'><strong>dii</strong></span> <span class='ocrx_word' id='word_1_29' title='bbox 1162 405 1288 452; x_wconf 86' lang='lat' dir='ltr'><strong>testes</strong></span> <span class='ocrx_word' id='word_1_30' title='bbox 1323 405 1435 456; x_wconf 56' lang='lat' dir='ltr'><strong>sunts</strong></span> 
     </span>
    </p>

    <p class='ocr_par' dir='ltr' id='par_1_3' title="bbox 157 468 1447 1777">
     <span class='ocr_line' id='line_1_5' title="bbox 224 468 1438 530; baseline 0.007 -12"><span class='ocrx_word' id='word_1_31' title='bbox 224 468 358 518; x_wconf 79' lang='lat' dir='ltr'><strong>XLII.</strong></span> <span class='ocrx_word' id='word_1_32' title='bbox 393 471 524 517; x_wconf 83' lang='lat' dir='ltr'><strong>Soleo</strong></span> <span class='ocrx_word' id='word_1_33' title='bbox 539 507 553 527; x_wconf 87' lang='lat'>‚</span> <span class='ocrx_word' id='word_1_34' title='bbox 577 471 637 517; x_wconf 89' lang='lat' dir='ltr'><strong>mi</strong></span> <span class='ocrx_word' id='word_1_35' title='bbox 669 472 874 520; x_wconf 81' lang='lat' dir='ltr'><strong>Liberalis</strong></span> <span class='ocrx_word' id='word_1_36' title='bbox 891 510 904 530; x_wconf 83' lang='lat'><strong>‚</strong></span> <span class='ocrx_word' id='word_1_37' title='bbox 936 487 1090 521; x_wconf 80' lang='lat' dir='ltr'><strong>notare</strong></span> <span class='ocrx_word' id='word_1_38' title='bbox 1110 476 1223 523; x_wconf 87' lang='lat' dir='ltr'><strong>hunc</strong></span> <span class='ocrx_word' id='word_1_39' title='bbox 1252 478 1296 524; x_wconf 91' lang='lat' dir='ltr'><strong>in</strong></span> <span class='ocrx_word' id='word_1_40' title='bbox 1313 492 1356 526; x_wconf 88' lang='lat' dir='ltr'><strong>te</strong></span> <span class='ocrx_word' id='word_1_41' title='bbox 1372 481 1438 526; x_wconf 80' lang='lat' dir='ltr'><strong>af-</strong></span> 
     </span>
     <span class='ocr_line' id='line_1_6' title="bbox 158 535 1438 607; baseline 0.006 -17"><span class='ocrx_word' id='word_1_42' title='bbox 158 543 320 591; x_wconf 62' lang='lat' dir='ltr'><strong>feetum</strong></span> <span class='ocrx_word' id='word_1_43' title='bbox 336 573 350 598; x_wconf 60' lang='lat'><strong>2,</strong></span> <span class='ocrx_word' id='word_1_44' title='bbox 375 558 418 590; x_wconf 87' lang='lat' dir='ltr'><strong>et</strong></span> <span class='ocrx_word' id='word_1_45' title='bbox 448 535 568 607; x_wconf 76' lang='lat' dir='ltr'><strong>quaIi</strong></span> <span class='ocrx_word' id='word_1_46' title='bbox 594 561 724 589; x_wconf 83' lang='lat' dir='ltr'><strong>manu</strong></span> <span class='ocrx_word' id='word_1_47' title='bbox 758 547 989 605; x_wconf 78' lang='lat' dir='ltr'>prendere,</span> <span class='ocrx_word' id='word_1_48' title='bbox 1024 547 1213 594; x_wconf 82' lang='lat' dir='ltr'><strong>verentis</strong></span> <span class='ocrx_word' id='word_1_49' title='bbox 1238 564 1281 596; x_wconf 87' lang='lat' dir='ltr'><strong>et</strong></span> <span class='ocrx_word' id='word_1_50' title='bbox 1301 551 1438 597; x_wconf 81' lang='lat' dir='ltr'><strong>aestu·</strong></span> 
     </span>
     <span class='ocr_line' id='line_1_7' title="bbox 158 617 1436 687; baseline 0.006 -23"><span class='ocrx_word' id='word_1_51' title='bbox 158 618 289 674; x_wconf 79' lang='lat' dir='ltr'><strong>antis,</strong></span> <span class='ocrx_word' id='word_1_52' title='bbox 307 635 361 664; x_wconf 89' lang='lat' dir='ltr'><strong>ne</strong></span> <span class='ocrx_word' id='word_1_53' title='bbox 379 617 424 663; x_wconf 89' lang='lat' dir='ltr'><strong>in</strong></span> <span class='ocrx_word' id='word_1_54' title='bbox 445 617 535 663; x_wconf 79' lang='lat' dir='ltr'><strong>uIIo</strong></span> <span class='ocrx_word' id='word_1_55' title='bbox 553 618 704 664; x_wconf 83' lang='lat' dir='ltr'><strong>officio</strong></span> <span class='ocrx_word' id='word_1_56' title='bbox 724 617 774 665; x_wconf 87' lang='lat' dir='ltr'><strong>fis</strong></span> <span class='ocrx_word' id='word_1_57' title='bbox 794 620 972 666; x_wconf 80' lang='lat' dir='ltr'><strong>tardior.</strong></span> <span class='ocrx_word' id='word_1_58' title='bbox 1001 622 1105 667; x_wconf 89' lang='lat' dir='ltr'><strong>Non</strong></span> <span class='ocrx_word' id='word_1_59' title='bbox 1124 623 1249 670; x_wconf 88' lang='lat' dir='ltr'><strong>decet</strong></span> <span class='ocrx_word' id='word_1_60' title='bbox 1267 640 1436 687; x_wconf 78' lang='lat' dir='ltr'><strong>gratum</strong></span> 
     </span>
     <span class='ocr_line' id='line_1_8' title="bbox 158 690 1438 749; baseline 0.006 -11"><span class='ocrx_word' id='word_1_61' title='bbox 158 694 352 738; x_wconf 73' lang='lat' dir='ltr'><strong>animum</strong></span> <span class='ocrx_word' id='word_1_62' title='bbox 373 691 632 746; x_wconf 75' lang='lat' dir='ltr'><strong>solicimdo3</strong></span> <span class='ocrx_word' id='word_1_63' title='bbox 666 690 738 737; x_wconf 90' lang='lat' dir='ltr'><strong>sed</strong></span> <span class='ocrx_word' id='word_1_64' title='bbox 770 706 921 738; x_wconf 83' lang='lat' dir='ltr'><strong>contra</strong></span> <span class='ocrx_word' id='word_1_65' title='bbox 938 729 950 749; x_wconf 86' lang='lat'>,</span> <span class='ocrx_word' id='word_1_66' title='bbox 973 693 1143 741; x_wconf 79' lang='lat' dir='ltr'>summa</span> <span class='ocrx_word' id='word_1_67' title='bbox 1169 693 1328 745; x_wconf 85' lang='lat' dir='ltr'><strong>fiducia</strong></span> <span class='ocrx_word' id='word_1_68' title='bbox 1350 700 1438 746; x_wconf 79' lang='lat' dir='ltr'><strong>sui:</strong></span> 
     </span>
     <span class='ocr_line' id='line_1_9' title="bbox 157 763 1438 821; baseline 0.004 -9"><span class='ocrx_word' id='word_1_69' title='bbox 157 778 200 813; x_wconf 87' lang='lat' dir='ltr'><strong>et</strong></span> <span class='ocrx_word' id='word_1_70' title='bbox 226 782 279 811; x_wconf 83' lang='lat' dir='ltr'><strong>ex</strong></span> <span class='ocrx_word' id='word_1_71' title='bbox 305 763 570 810; x_wconf 84' lang='lat' dir='ltr'><strong>conscientia</strong></span> <span class='ocrx_word' id='word_1_72' title='bbox 597 764 691 810; x_wconf 90' lang='lat' dir='ltr'><strong>veri</strong></span> <span class='ocrx_word' id='word_1_73' title='bbox 711 765 893 821; x_wconf 78' lang='lat' dir='ltr'><strong>amoris,</strong></span> <span class='ocrx_word' id='word_1_74' title='bbox 927 766 1094 813; x_wconf 67' lang='lat' dir='ltr'><strong>dimissa</strong></span> <span class='ocrx_word' id='word_1_75' title='bbox 1124 770 1268 817; x_wconf 84' lang='lat' dir='ltr'><strong>omnis</strong></span> <span class='ocrx_word' id='word_1_76' title='bbox 1290 772 1438 817; x_wconf 82' lang='lat' dir='ltr'><strong>anxie-</strong></span> 
     </span>
     <span class='ocr_line' id='line_1_10' title="bbox 159 836 1442 904; baseline 0.005 -19"><span class='ocrx_word' id='word_1_77' title='bbox 159 852 235 886; x_wconf 82' lang='lat' dir='ltr'><strong>tas.</strong></span> <span class='ocrx_word' id='word_1_78' title='bbox 251 837 363 884; x_wconf 81' lang='lat' dir='ltr'><strong>Tam</strong></span> <span class='ocrx_word' id='word_1_79' title='bbox 397 853 497 883; x_wconf 78' lang='lat' dir='ltr'><strong>cum</strong></span> <span class='ocrx_word' id='word_1_80' title='bbox 530 836 644 883; x_wconf 66' lang='lat' dir='ltr'><strong>vido</strong></span> <span class='ocrx_word' id='word_1_81' title='bbox 674 837 758 894; x_wconf 88' lang='lat' dir='ltr'><strong>est,</strong></span> <span class='ocrx_word' id='word_1_82' title='bbox 782 839 977 901; x_wconf 83' lang='lat' dir='ltr'><strong>recipere</strong></span> <span class='ocrx_word' id='word_1_83' title='bbox 1005 840 1124 901; x_wconf 81' lang='lat' dir='ltr'><strong>quod</strong></span> <span class='ocrx_word' id='word_1_84' title='bbox 1155 858 1246 888; x_wconf 82' lang='lat' dir='ltr'><strong>non</strong></span> <span class='ocrx_word' id='word_1_85' title='bbox 1276 844 1442 904; x_wconf 49' lang='lat' dir='ltr'><strong>deba,</strong></span> 
     </span>
     <span class='ocr_line' id='line_1_11' title="bbox 159 911 1441 977; baseline 0.005 -21"><span class='ocrx_word' id='word_1_86' title='bbox 159 928 291 974; x_wconf 85' lang='lat' dir='ltr'>quam</span> <span class='ocrx_word' id='word_1_87' title='bbox 325 927 414 956; x_wconf 89' lang='lat' dir='ltr'><strong>non</strong></span> <span class='ocrx_word' id='word_1_88' title='bbox 437 911 539 955; x_wconf 81' lang='lat' dir='ltr'><strong>dare</strong></span> <span class='ocrx_word' id='word_1_89' title='bbox 569 911 693 974; x_wconf 83' lang='lat' dir='ltr'><strong>quod</strong></span> <span class='ocrx_word' id='word_1_90' title='bbox 719 911 863 958; x_wconf 84' lang='lat' dir='ltr'><strong>debes.</strong></span> <span class='ocrx_word' id='word_1_91' title='bbox 895 912 981 958; x_wconf 85' lang='lat' dir='ltr'><strong>hoc</strong></span> <span class='ocrx_word' id='word_1_92' title='bbox 1010 912 1212 961; x_wconf 84' lang='lat' dir='ltr'><strong>beneficii</strong></span> <span class='ocrx_word' id='word_1_93' title='bbox 1247 917 1441 977; x_wconf 82' lang='lat' dir='ltr'><strong>primum</strong></span> 
     </span>
     <span class='ocr_line' id='line_1_12' title="bbox 161 983 1444 1051; baseline 0.005 -22"><span class='ocrx_word' id='word_1_94' title='bbox 161 983 250 1029; x_wconf 78' lang='lat' dir='ltr'><strong>dati</strong></span> <span class='ocrx_word' id='word_1_95' title='bbox 275 984 324 1029; x_wconf 88' lang='lat' dir='ltr'><strong>fit</strong></span> <span class='ocrx_word' id='word_1_96' title='bbox 346 984 438 1038; x_wconf 79' lang='lat' dir='ltr'><strong>ius,</strong></span> <span class='ocrx_word' id='word_1_97' title='bbox 472 997 520 1029; x_wconf 87' lang='lat' dir='ltr'><strong>ut</strong></span> <span class='ocrx_word' id='word_1_98' title='bbox 551 983 790 1046; x_wconf 81' lang='lat' dir='ltr'><strong>recipiendi</strong></span> <span class='ocrx_word' id='word_1_99' title='bbox 816 997 987 1047; x_wconf 73' lang='lat' dir='ltr'><strong>tempus</strong></span> <span class='ocrx_word' id='word_1_100' title='bbox 1013 986 1168 1048; x_wconf 79' lang='lat' dir='ltr'><strong>eligat,</strong></span> <span class='ocrx_word' id='word_1_101' title='bbox 1196 988 1279 1051; x_wconf 71' lang='lat' dir='ltr'><strong>qui</strong></span> <span class='ocrx_word' id='word_1_102' title='bbox 1308 989 1444 1037; x_wconf 84' lang='lat' dir='ltr'><strong>dedit.</strong></span> 
     </span>
     <span class='ocr_line' id='line_1_13' title="bbox 161 1058 1443 1125; baseline 0.005 -21"><span class='ocrx_word' id='word_1_103' title='bbox 161 1063 222 1105; x_wconf 88' lang='lat' dir='ltr'><strong>At</strong></span> <span class='ocrx_word' id='word_1_104' title='bbox 255 1075 444 1116; x_wconf 85' lang='lat' dir='ltr'><strong>vereor,</strong></span> <span class='ocrx_word' id='word_1_105' title='bbox 479 1074 533 1103; x_wconf 91' lang='lat' dir='ltr'><strong>ne</strong></span> <span class='ocrx_word' id='word_1_106' title='bbox 572 1058 777 1104; x_wconf 88' lang='lat' dir='ltr'><strong>homines</strong></span> <span class='ocrx_word' id='word_1_107' title='bbox 808 1059 862 1105; x_wconf 91' lang='lat' dir='ltr'><strong>de</strong></span> <span class='ocrx_word' id='word_1_108' title='bbox 888 1076 957 1105; x_wconf 86' lang='lat' dir='ltr'><strong>me</strong></span> <span class='ocrx_word' id='word_1_109' title='bbox 989 1061 1157 1123; x_wconf 77' lang='lat' dir='ltr'><strong>sequius</strong></span> <span class='ocrx_word' id='word_1_110' title='bbox 1189 1061 1443 1125; x_wconf 79' lang='lat' dir='ltr'>loquantur.</span> 
     </span>
     <span class='ocr_line' id='line_1_14' title="bbox 163 1131 1440 1200; baseline 0.002 -21"><span class='ocrx_word' id='word_1_111' title='bbox 163 1133 278 1180; x_wconf 87' lang='lat' dir='ltr'><strong>Male</strong></span> <span class='ocrx_word' id='word_1_112' title='bbox 299 1134 415 1196; x_wconf 81' lang='lat' dir='ltr'><strong>agit,</strong></span> <span class='ocrx_word' id='word_1_113' title='bbox 441 1132 519 1196; x_wconf 85' lang='lat' dir='ltr'><strong>qui</strong></span> <span class='ocrx_word' id='word_1_114' title='bbox 547 1131 713 1190; x_wconf 78' lang='lat' dir='ltr'><strong>famae,</strong></span> <span class='ocrx_word' id='word_1_115' title='bbox 745 1149 837 1179; x_wconf 86' lang='lat' dir='ltr'><strong>non</strong></span> <span class='ocrx_word' id='word_1_116' title='bbox 869 1134 1162 1181; x_wconf 76' lang='lat' dir='ltr'><strong>conscientiae</strong></span> <span class='ocrx_word' id='word_1_117' title='bbox 1194 1151 1338 1200; x_wconf 78' lang='lat' dir='ltr'><strong>gratus</strong></span> <span class='ocrx_word' id='word_1_118' title='bbox 1366 1136 1440 1184; x_wconf 42' lang='lat' dir='ltr'><strong>esta</strong></span> 
     </span>
     <span class='ocr_line' id='line_1_15' title="bbox 163 1205 1444 1272; baseline 0.005 -22"><span class='ocrx_word' id='word_1_119' title='bbox 163 1208 296 1255; x_wconf 77' lang='lat' dir='ltr'><strong>Duos</strong></span> <span class='ocrx_word' id='word_1_120' title='bbox 323 1206 441 1252; x_wconf 85' lang='lat' dir='ltr'><strong>istius</strong></span> <span class='ocrx_word' id='word_1_121' title='bbox 471 1205 532 1251; x_wconf 89' lang='lat' dir='ltr'><strong>rei</strong></span> <span class='ocrx_word' id='word_1_122' title='bbox 559 1205 723 1253; x_wconf 77' lang='lat' dir='ltr'><strong>iudices</strong></span> <span class='ocrx_word' id='word_1_123' title='bbox 750 1206 879 1253; x_wconf 74' lang='lat' dir='ltr'><strong>habes</strong></span> <span class='ocrx_word' id='word_1_124' title='bbox 901 1225 911 1252; x_wconf 71' lang='grc' dir='ltr'><strong><em>ε</em></strong></span> <span class='ocrx_word' id='word_1_125' title='bbox 940 1219 1010 1261; x_wconf 88' lang='lat' dir='ltr'><strong>te,</strong></span> <span class='ocrx_word' id='word_1_126' title='bbox 1042 1225 1173 1270; x_wconf 84' lang='lat' dir='ltr'><strong>quem</strong></span> <span class='ocrx_word' id='word_1_127' title='bbox 1201 1226 1290 1256; x_wconf 89' lang='lat' dir='ltr'><strong>non</strong></span> <span class='ocrx_word' id='word_1_128' title='bbox 1319 1221 1444 1272; x_wconf 72' lang='lat' dir='ltr'><strong>potesv</strong></span> 
     </span>
     <span class='ocr_line' id='line_1_16' title="bbox 164 1275 1444 1342; baseline 0.002 -16"><span class='ocrx_word' id='word_1_129' title='bbox 164 1275 336 1332; x_wconf 80' lang='lat' dir='ltr'><strong>fallere;</strong></span> <span class='ocrx_word' id='word_1_130' title='bbox 356 1290 396 1325; x_wconf 90' lang='lat' dir='ltr'><strong>et</strong></span> <span class='ocrx_word' id='word_1_131' title='bbox 417 1279 564 1332; x_wconf 81' lang='lat' dir='ltr'><strong>illurn,</strong></span> <span class='ocrx_word' id='word_1_132' title='bbox 588 1296 719 1340; x_wconf 82' lang='lat' dir='ltr'><strong>quem</strong></span> <span class='ocrx_word' id='word_1_133' title='bbox 739 1292 875 1341; x_wconf 84' lang='lat' dir='ltr'><strong>potes.</strong></span> <span class='ocrx_word' id='word_1_134' title='bbox 901 1281 1023 1339; x_wconf 83' lang='lat' dir='ltr'><strong>Quid</strong></span> <span class='ocrx_word' id='word_1_135' title='bbox 1044 1297 1148 1342; x_wconf 69' lang='lat' dir='ltr'><strong>ergo</strong></span> <span class='ocrx_word' id='word_1_136' title='bbox 1164 1318 1176 1336; x_wconf 92' lang='lat'>‚</span> <span class='ocrx_word' id='word_1_137' title='bbox 1197 1282 1224 1327; x_wconf 83' lang='lat' dir='ltr'>fi</span> <span class='ocrx_word' id='word_1_138' title='bbox 1244 1284 1357 1329; x_wconf 71' lang='lat' dir='ltr'><strong>nulla</strong></span> <span class='ocrx_word' id='word_1_139' title='bbox 1375 1283 1444 1329; x_wconf 81' lang='lat' dir='ltr'><strong>in-</strong></span> 
     </span>
     <span class='ocr_line' id='line_1_17' title="bbox 163 1351 1445 1414; baseline 0.002 -15"><span class='ocrx_word' id='word_1_140' title='bbox 163 1352 403 1399; x_wconf 85' lang='lat' dir='ltr'><strong>tervenerit</strong></span> <span class='ocrx_word' id='word_1_141' title='bbox 431 1352 636 1398; x_wconf 75' lang='lat' dir='ltr'><strong>occasio?</strong></span> <span class='ocrx_word' id='word_1_142' title='bbox 673 1351 843 1414; x_wconf 83' lang='lat' dir='ltr'><strong>semper</strong></span> <span class='ocrx_word' id='word_1_143' title='bbox 874 1353 1078 1400; x_wconf 84' lang='lat' dir='ltr'><strong>debebo?</strong></span> <span class='ocrx_word' id='word_1_144' title='bbox 1108 1354 1334 1401; x_wconf 71' lang='lat' dir='ltr'><strong>Debebist</strong></span> <span class='ocrx_word' id='word_1_145' title='bbox 1371 1355 1445 1402; x_wconf 82' lang='lat' dir='ltr'><strong>sed</strong></span> 
     </span>
     <span class='ocr_line' id='line_1_18' title="bbox 165 1424 1446 1491; baseline 0.003 -21"><span class='ocrx_word' id='word_1_146' title='bbox 165 1426 304 1489; x_wconf 84' lang='lat' dir='ltr'><strong>paIam</strong></span> <span class='ocrx_word' id='word_1_147' title='bbox 323 1424 502 1473; x_wconf 83' lang='lat' dir='ltr'><strong>debebis</strong></span> <span class='ocrx_word' id='word_1_148' title='bbox 517 1458 531 1480; x_wconf 92' lang='lat'><strong>‚</strong></span> <span class='ocrx_word' id='word_1_149' title='bbox 561 1426 630 1472; x_wconf 90' lang='lat' dir='ltr'><strong>sed</strong></span> <span class='ocrx_word' id='word_1_150' title='bbox 652 1426 833 1473; x_wconf 76' lang='lat' dir='ltr'><strong>libenter</strong></span> <span class='ocrx_word' id='word_1_151' title='bbox 856 1427 1030 1474; x_wconf 70' lang='lat' dir='ltr'><strong>debebis</strong></span> <span class='ocrx_word' id='word_1_152' title='bbox 1044 1465 1053 1481; x_wconf 89' lang='lat'><strong><em>‚</em></strong></span> <span class='ocrx_word' id='word_1_153' title='bbox 1075 1430 1147 1475; x_wconf 89' lang='lat' dir='ltr'><strong>sed</strong></span> <span class='ocrx_word' id='word_1_154' title='bbox 1167 1445 1265 1475; x_wconf 83' lang='lat' dir='ltr'><strong>cum</strong></span> <span class='ocrx_word' id='word_1_155' title='bbox 1288 1445 1446 1491; x_wconf 78' lang='lat' dir='ltr'><strong>magna</strong></span> 
     </span>
     <span class='ocr_line' id='line_1_19' title="bbox 165 1499 1446 1562; baseline 0.002 -16"><span class='ocrx_word' id='word_1_156' title='bbox 165 1500 396 1560; x_wconf 81' lang='lat' dir='ltr'><strong>voluptate</strong></span> <span class='ocrx_word' id='word_1_157' title='bbox 423 1501 538 1561; x_wconf 73' lang='lat' dir='ltr'><strong>apud</strong></span> <span class='ocrx_word' id='word_1_158' title='bbox 563 1512 604 1546; x_wconf 88' lang='lat' dir='ltr'><strong>te</strong></span> <span class='ocrx_word' id='word_1_159' title='bbox 624 1499 867 1562; x_wconf 81' lang='lat' dir='ltr'><strong>depofitum</strong></span> <span class='ocrx_word' id='word_1_160' title='bbox 890 1500 1134 1549; x_wconf 80' lang='lat' dir='ltr'><strong>intueberis.</strong></span> <span class='ocrx_word' id='word_1_161' title='bbox 1157 1501 1356 1548; x_wconf 79' lang='lat' dir='ltr'><strong>Poenitet</strong></span> <span class='ocrx_word' id='word_1_162' title='bbox 1373 1517 1446 1548; x_wconf 63' lang='lat' dir='ltr'><strong>ac⁸3</strong></span> 
     </span>
     <span class='ocr_line' id='line_1_20' title="bbox 165 1571 1447 1638; baseline -0.001 -20"><span class='ocrx_word' id='word_1_163' title='bbox 165 1573 283 1634; x_wconf 83' lang='lat' dir='ltr'><strong>cepti</strong></span> <span class='ocrx_word' id='word_1_164' title='bbox 307 1571 538 1630; x_wconf 79' lang='lat' dir='ltr'><strong>beneficii,</strong></span> <span class='ocrx_word' id='word_1_165' title='bbox 575 1589 705 1635; x_wconf 86' lang='lat' dir='ltr'><strong>quem</strong></span> <span class='ocrx_word' id='word_1_166' title='bbox 738 1575 936 1620; x_wconf 77' lang='lat' dir='ltr'><strong>nondum</strong></span> <span class='ocrx_word' id='word_1_167' title='bbox 974 1574 1130 1621; x_wconf 83' lang='lat' dir='ltr'><strong>redditi</strong></span> <span class='ocrx_word' id='word_1_168' title='bbox 1158 1575 1286 1638; x_wconf 87' lang='lat' dir='ltr'><strong>piget.</strong></span> <span class='ocrx_word' id='word_1_169' title='bbox 1314 1586 1447 1636; x_wconf 76' lang='lat' dir='ltr'><strong>quare</strong></span> 
     </span>
     <span class='ocr_line' id='line_1_21' title="bbox 168 1646 1447 1712; baseline 0 -20"><span class='ocrx_word' id='word_1_170' title='bbox 168 1646 243 1710; x_wconf 86' lang='lat' dir='ltr'><strong>qui</strong></span> <span class='ocrx_word' id='word_1_171' title='bbox 273 1646 352 1692; x_wconf 80' lang='lat' dir='ltr'><strong>tibi</strong></span> <span class='ocrx_word' id='word_1_172' title='bbox 386 1646 539 1710; x_wconf 83' lang='lat' dir='ltr'><strong>dignus</strong></span> <span class='ocrx_word' id='word_1_173' title='bbox 558 1647 674 1694; x_wconf 89' lang='lat' dir='ltr'><strong>visus</strong></span> <span class='ocrx_word' id='word_1_174' title='bbox 704 1647 792 1706; x_wconf 82' lang='lat' dir='ltr'><strong>est,</strong></span> <span class='ocrx_word' id='word_1_175' title='bbox 815 1664 838 1693; x_wconf 84' lang='lat' dir='ltr'>a</span> <span class='ocrx_word' id='word_1_176' title='bbox 861 1664 952 1712; x_wconf 86' lang='lat' dir='ltr'><strong>quo</strong></span> <span class='ocrx_word' id='word_1_177' title='bbox 971 1647 1213 1711; x_wconf 84' lang='lat' dir='ltr'><strong>acciperes,</strong></span> <span class='ocrx_word' id='word_1_178' title='bbox 1244 1646 1447 1709; x_wconf 69' lang='lat' dir='ltr'><strong>indignus</strong></span> 
     </span>
     <span class='ocr_line' id='line_1_22' title="bbox 168 1719 710 1777; baseline -0.002 -9"><span class='ocrx_word' id='word_1_179' title='bbox 168 1719 368 1768; x_wconf 82' lang='lat' dir='ltr'><strong>videatur</strong></span> <span class='ocrx_word' id='word_1_180' title='bbox 385 1756 398 1777; x_wconf 89' lang='lat'>,</span> <span class='ocrx_word' id='word_1_181' title='bbox 422 1720 492 1766; x_wconf 86' lang='lat' dir='ltr'><strong>cui</strong></span> <span class='ocrx_word' id='word_1_182' title='bbox 523 1720 710 1767; x_wconf 84' lang='lat' dir='ltr'><strong>debeas?</strong></span> 
     </span>
    </p>

    <p class='ocr_par' dir='ltr' id='par_1_4' title="bbox 171 1792 1457 2442">
     <span class='ocr_line' id='line_1_23' title="bbox 233 1792 1450 1856; baseline -0.002 -18"><span class='ocrx_word' id='word_1_183' title='bbox 233 1792 387 1839; x_wconf 82' lang='lat' dir='ltr'><strong>XLIII.</strong></span> <span class='ocrx_word' id='word_1_184' title='bbox 406 1795 452 1838; x_wconf 90' lang='lat' dir='ltr'><strong>In</strong></span> <span class='ocrx_word' id='word_1_185' title='bbox 473 1793 639 1856; x_wconf 80' lang='lat' dir='ltr'><strong>magnis</strong></span> <span class='ocrx_word' id='word_1_186' title='bbox 657 1792 879 1840; x_wconf 85' lang='lat' dir='ltr'><strong>erroribus</strong></span> <span class='ocrx_word' id='word_1_187' title='bbox 899 1793 1020 1848; x_wconf 49' lang='lat' dir='ltr'><strong>sunta,</strong></span> <span class='ocrx_word' id='word_1_188' title='bbox 1050 1793 1127 1856; x_wconf 82' lang='lat' dir='ltr'><strong>qui</strong></span> <span class='ocrx_word' id='word_1_189' title='bbox 1153 1792 1339 1855; x_wconf 83' lang='lat' dir='ltr'><strong>ingentis</strong></span> <span class='ocrx_word' id='word_1_190' title='bbox 1356 1792 1450 1838; x_wconf 69' lang='lat' dir='ltr'><strong>ani-—</strong></span> 
     </span>
     <span class='ocr_line' id='line_1_24' title="bbox 172 1865 1453 1929; baseline -0.002 -16"><span class='ocrx_word' id='word_1_191' title='bbox 172 1866 233 1913; x_wconf 86' lang='lat' dir='ltr'><strong>mi</strong></span> <span class='ocrx_word' id='word_1_192' title='bbox 261 1865 442 1912; x_wconf 85' lang='lat' dir='ltr'><strong>credunt</strong></span> <span class='ocrx_word' id='word_1_193' title='bbox 457 1902 468 1923; x_wconf 82' lang='grc'>,</span> <span class='ocrx_word' id='word_1_194' title='bbox 485 1865 706 1928; x_wconf 83' lang='lat' dir='ltr'><strong>proferre,</strong></span> <span class='ocrx_word' id='word_1_195' title='bbox 730 1868 921 1923; x_wconf 79' lang='lat' dir='ltr'><strong>donare,</strong></span> <span class='ocrx_word' id='word_1_196' title='bbox 943 1866 1129 1929; x_wconf 85' lang='lat' dir='ltr'><strong>plurium</strong></span> <span class='ocrx_word' id='word_1_197' title='bbox 1149 1866 1284 1912; x_wconf 84' lang='lat' dir='ltr'><strong>smum</strong></span> <span class='ocrx_word' id='word_1_198' title='bbox 1302 1883 1352 1912; x_wconf 79' lang='lat' dir='ltr'><strong>ac</strong></span> <span class='ocrx_word' id='word_1_199' title='bbox 1371 1867 1453 1911; x_wconf 63' lang='lat' dir='ltr'><strong>dec·</strong></span> 
     </span>
     <span class='ocr_line' id='line_1_25' title="bbox 172 1938 1452 2002; baseline -0.002 -18"><span class='ocrx_word' id='word_1_200' title='bbox 172 1955 295 1985; x_wconf 84' lang='lat' dir='ltr'><strong>mum</strong></span> <span class='ocrx_word' id='word_1_201' title='bbox 321 1939 518 2002; x_wconf 81' lang='lat' dir='ltr'><strong>replere:</strong></span> <span class='ocrx_word' id='word_1_202' title='bbox 551 1956 653 1985; x_wconf 84' lang='lat' dir='ltr'><strong>cum</strong></span> <span class='ocrx_word' id='word_1_203' title='bbox 681 1938 756 1984; x_wconf 83' lang='lat' dir='ltr'><strong>ista</strong></span> <span class='ocrx_word' id='word_1_204' title='bbox 781 1939 998 1985; x_wconf 82' lang='lat' dir='ltr'><strong>interdum</strong></span> <span class='ocrx_word' id='word_1_205' title='bbox 1027 1955 1116 1984; x_wconf 87' lang='lat' dir='ltr'><strong>non</strong></span> <span class='ocrx_word' id='word_1_206' title='bbox 1148 1955 1327 2001; x_wconf 77' lang='lat' dir='ltr'><strong>magnus</strong></span> <span class='ocrx_word' id='word_1_207' title='bbox 1356 1938 1452 1984; x_wconf 78' lang='lat' dir='ltr'><strong>ani-</strong></span> 
     </span>
     <span class='ocr_line' id='line_1_26' title="bbox 173 2007 1452 2074; baseline -0.002 -15"><span class='ocrx_word' id='word_1_208' title='bbox 173 2029 270 2059; x_wconf 79' lang='lat' dir='ltr'><strong>mus</strong></span> <span class='ocrx_word' id='word_1_209' title='bbox 307 2011 463 2069; x_wconf 83' lang='lat' dir='ltr'><strong>faciat,</strong></span> <span class='ocrx_word' id='word_1_210' title='bbox 502 2012 575 2058; x_wconf 89' lang='lat' dir='ltr'><strong>sed</strong></span> <span class='ocrx_word' id='word_1_211' title='bbox 607 2028 761 2074; x_wconf 78' lang='lat' dir='ltr'><strong>magna</strong></span> <span class='ocrx_word' id='word_1_212' title='bbox 791 2011 982 2058; x_wconf 77' lang='lat' dir='ltr'><strong>fortuna.</strong></span> <span class='ocrx_word' id='word_1_213' title='bbox 1011 2007 1245 2068; x_wconf 72' lang='lat' dir='ltr'><strong>Nesciunt,</strong></span> <span class='ocrx_word' id='word_1_214' title='bbox 1285 2025 1452 2073; x_wconf 75' lang='lat' dir='ltr'><strong>quanto</strong></span> 
     </span>
     <span class='ocr_line' id='line_1_27' title="bbox 173 2083 1455 2147; baseline -0.002 -15"><span class='ocrx_word' id='word_1_215' title='bbox 173 2086 312 2132; x_wconf 83' lang='lat' dir='ltr'><strong>maius</strong></span> <span class='ocrx_word' id='word_1_216' title='bbox 331 2101 379 2132; x_wconf 88' lang='lat' dir='ltr'><strong>ac</strong></span> <span class='ocrx_word' id='word_1_217' title='bbox 397 2085 611 2132; x_wconf 85' lang='lat' dir='ltr'><strong>difficilius</strong></span> <span class='ocrx_word' id='word_1_218' title='bbox 637 2084 809 2130; x_wconf 81' lang='lat' dir='ltr'><strong>interim</strong></span> <span class='ocrx_word' id='word_1_219' title='bbox 833 2084 880 2131; x_wconf 82' lang='lat' dir='ltr'><strong>fit</strong></span> <span class='ocrx_word' id='word_1_220' title='bbox 899 2102 1052 2146; x_wconf 74' lang='lat' dir='ltr'><strong>capere</strong></span> <span class='ocrx_word' id='word_1_221' title='bbox 1069 2121 1081 2141; x_wconf 86' lang='lat'>‚</span> <span class='ocrx_word' id='word_1_222' title='bbox 1103 2102 1233 2147; x_wconf 78' lang='lat' dir='ltr'>quam</span> <span class='ocrx_word' id='word_1_223' title='bbox 1257 2083 1455 2130; x_wconf 71' lang='lat' dir='ltr'><strong>fundere.</strong></span> 
     </span>
     <span class='ocr_line' id='line_1_28' title="bbox 174 2152 1456 2218; baseline -0.005 -13"><span class='ocrx_word' id='word_1_224' title='bbox 174 2160 286 2205; x_wconf 85' lang='lat' dir='ltr'><strong>Nam</strong></span> <span class='ocrx_word' id='word_1_225' title='bbox 307 2170 355 2205; x_wconf 86' lang='lat' dir='ltr'><strong>ut</strong></span> <span class='ocrx_word' id='word_1_226' title='bbox 372 2158 476 2204; x_wconf 82' lang='lat' dir='ltr'><strong>nihil</strong></span> <span class='ocrx_word' id='word_1_227' title='bbox 493 2158 614 2203; x_wconf 79' lang='lat' dir='ltr'><strong>alteri</strong></span> <span class='ocrx_word' id='word_1_228' title='bbox 631 2156 856 2203; x_wconf 73' lang='lat' dir='ltr'><strong>detraham</strong></span> <span class='ocrx_word' id='word_1_229' title='bbox 869 2191 881 2212; x_wconf 83' lang='lat'>,</span> <span class='ocrx_word' id='word_1_230' title='bbox 904 2156 1113 2218; x_wconf 78' lang='lat' dir='ltr'><strong>quoniam</strong></span> <span class='ocrx_word' id='word_1_231' title='bbox 1132 2170 1364 2215; x_wconf 82' lang='lat' dir='ltr'><strong>utrumque</strong></span> <span class='ocrx_word' id='word_1_232' title='bbox 1381 2152 1456 2200; x_wconf 82' lang='lat' dir='ltr'><strong>ubi</strong></span> 
     </span>
     <span class='ocr_line' id='line_1_29' title="bbox 176 2224 1455 2294; baseline -0.007 -14"><span class='ocrx_word' id='word_1_233' title='bbox 176 2250 232 2280; x_wconf 83' lang='lat' dir='ltr'><strong>ex</strong></span> <span class='ocrx_word' id='word_1_234' title='bbox 250 2233 413 2280; x_wconf 85' lang='lat' dir='ltr'><strong>virtute</strong></span> <span class='ocrx_word' id='word_1_235' title='bbox 432 2231 506 2289; x_wconf 80' lang='lat' dir='ltr'><strong>fit,</strong></span> <span class='ocrx_word' id='word_1_236' title='bbox 529 2247 605 2294; x_wconf 81' lang='lat' dir='ltr'><strong>par</strong></span> <span class='ocrx_word' id='word_1_237' title='bbox 631 2230 692 2277; x_wconf 90' lang='lat' dir='ltr'><strong>est</strong></span> <span class='ocrx_word' id='word_1_238' title='bbox 710 2247 721 2276; x_wconf 73' lang='grc' dir='ltr'><em>τ</em></span> <span class='ocrx_word' id='word_1_239' title='bbox 740 2246 832 2275; x_wconf 87' lang='lat' dir='ltr'><strong>non</strong></span> <span class='ocrx_word' id='word_1_240' title='bbox 854 2230 1038 2275; x_wconf 83' lang='lat' dir='ltr'><strong>minoris</strong></span> <span class='ocrx_word' id='word_1_241' title='bbox 1059 2228 1119 2274; x_wconf 83' lang='lat' dir='ltr'><strong>est</strong></span> <span class='ocrx_word' id='word_1_242' title='bbox 1137 2227 1269 2273; x_wconf 80' lang='lat' dir='ltr'><strong>animi</strong></span> <span class='ocrx_word' id='word_1_243' title='bbox 1290 2224 1455 2272; x_wconf 86' lang='lat' dir='ltr'><strong>benefi-</strong></span> 
     </span>
     <span class='ocr_line' id='line_1_30' title="bbox 172 2299 1455 2367; baseline -0.006 -14"><span class='ocrx_word' id='word_1_244' title='bbox 172 2307 289 2354; x_wconf 84' lang='lat' dir='ltr'><strong>cium</strong></span> <span class='ocrx_word' id='word_1_245' title='bbox 310 2306 495 2363; x_wconf 89' lang='lat' dir='ltr'><strong>debere,</strong></span> <span class='ocrx_word' id='word_1_246' title='bbox 521 2321 652 2367; x_wconf 82' lang='lat' dir='ltr'>quam</span> <span class='ocrx_word' id='word_1_247' title='bbox 681 2303 796 2350; x_wconf 85' lang='lat' dir='ltr'><strong>dare.</strong></span> <span class='ocrx_word' id='word_1_248' title='bbox 822 2319 877 2348; x_wconf 87' lang='lat' dir='ltr'><strong>eo</strong></span> <span class='ocrx_word' id='word_1_249' title='bbox 897 2303 1077 2363; x_wconf 76' lang='lat' dir='ltr'><strong>quidem</strong></span> <span class='ocrx_word' id='word_1_250' title='bbox 1109 2299 1338 2362; x_wconf 72' lang='lat' dir='ltr'><strong>operosius</strong></span> <span class='ocrx_word' id='word_1_251' title='bbox 1366 2300 1455 2345; x_wconf 84' lang='lat' dir='ltr'><strong>hoc</strong></span> 
     </span>
     <span class='ocr_line' id='line_1_31' title="bbox 171 2372 1457 2442; baseline -0.006 -17"><span class='ocrx_word' id='word_1_252' title='bbox 171 2396 302 2442; x_wconf 81' lang='lat' dir='ltr'>quam</span> <span class='ocrx_word' id='word_1_253' title='bbox 332 2378 464 2436; x_wconf 83' lang='lat' dir='ltr'><strong>illud,</strong></span> <span class='ocrx_word' id='word_1_254' title='bbox 494 2394 586 2441; x_wconf 90' lang='lat' dir='ltr'><strong>quo</strong></span> <span class='ocrx_word' id='word_1_255' title='bbox 618 2376 786 2422; x_wconf 84' lang='lat' dir='ltr'><strong>maiore</strong></span> <span class='ocrx_word' id='word_1_256' title='bbox 813 2375 1031 2439; x_wconf 77' lang='lat' dir='ltr'><strong>diligentia</strong></span> <span class='ocrx_word' id='word_1_257' title='bbox 1056 2372 1360 2420; x_wconf 82' lang='lat' dir='ltr'><strong>custodiuntur</strong></span> <span class='ocrx_word' id='word_1_258' title='bbox 1380 2388 1457 2418; x_wconf 78' lang='lat' dir='ltr'><strong>ac-</strong></span> 
     </span>
    </p>
   </div>
   <div class='ocr_carea' id='block_1_3' title="bbox 172 2444 1458 2565">
    <p class='ocr_par' dir='ltr' id='par_1_5' title="bbox 172 2444 1458 2565">
     <span class='ocr_line' id='line_1_32' title="bbox 172 2444 1458 2514; baseline -0.006 -15"><span class='ocrx_word' id='word_1_259' title='bbox 172 2464 330 2514; x_wconf 84' lang='lat' dir='ltr'><strong>cepta,</strong></span> <span class='ocrx_word' id='word_1_260' title='bbox 361 2466 488 2512; x_wconf 83' lang='lat' dir='ltr'>quam</span> <span class='ocrx_word' id='word_1_261' title='bbox 519 2450 687 2495; x_wconf 80' lang='lat' dir='ltr'><strong>dantur.</strong></span> <span class='ocrx_word' id='word_1_262' title='bbox 718 2450 867 2509; x_wconf 81' lang='lat' dir='ltr'><strong>Itaque</strong></span> <span class='ocrx_word' id='word_1_263' title='bbox 898 2463 992 2493; x_wconf 90' lang='lat' dir='ltr'><strong>non</strong></span> <span class='ocrx_word' id='word_1_264' title='bbox 1025 2446 1087 2493; x_wconf 90' lang='lat' dir='ltr'><strong>est</strong></span> <span class='ocrx_word' id='word_1_265' title='bbox 1117 2444 1458 2507; x_wconf 77' lang='lat' dir='ltr'><strong>trepidandum,</strong></span> 
     </span>
     <span class='ocr_line' id='line_1_33' title="bbox 237 2511 1173 2565; baseline -0.01 -3"><span class='ocrx_word' id='word_1_266' title='bbox 237 2518 287 2565; x_wconf 87' lang='lat' dir='ltr'><strong>L.</strong></span> <span class='ocrx_word' id='word_1_267' title='bbox 316 2520 442 2564; x_wconf 74' lang='lat' dir='ltr'><strong>Arm.</strong></span> <span class='ocrx_word' id='word_1_268' title='bbox 470 2519 640 2562; x_wconf 83' lang='lat' dir='ltr'><strong>Seneca.</strong></span> <span class='ocrx_word' id='word_1_269' title='bbox 669 2517 762 2560; x_wconf 90' lang='lat' dir='ltr'><strong>Vol.</strong></span> <span class='ocrx_word' id='word_1_270' title='bbox 781 2512 847 2562; x_wconf 83' lang='lat' dir='ltr'><strong>Il.</strong></span> <span class='ocrx_word' id='word_1_271' title='bbox 1129 2511 1173 2553; x_wconf 83' lang='lat' dir='ltr'><strong>V</strong></span> 
     </span>
    </p>
   </div>
  </div>
 </body>
</html>
