1742 2967
245 169 340 218 330
510 156 558 203 L.
593 149 891 204 ANNAai
938 158 1299 207 SENECAE
1716 86 1725 202 i

307 263 480 309 XXIV.
497 264 696 312 Socrates
710 265 859 313 amicis
876 266 1149 313 audientibus
1166 267 1404 323 ,Emiffem
1421 305 1436 329 ‚
1457 270 1525 319 ins

239 335 362 398 quit,
380 336 558 399 pallium
572 373 584 394 ‚
607 337 639 384 fi
661 346 865 386 nummos
883 339 1102 386 haberem.
1122 340 1356 388 Neminem
1377 359 1523 406 popo·
1723 351 1734 382 ‘v

238 408 344 466 scit,
365 424 521 456 omnes
539 411 784 458 admonuit.
802 429 825 458 a
845 427 935 475 quo
959 412 1177 475 acciperet
1191 449 1204 470 ,
1219 414 1406 462 ambitus
1425 415 1525 464 fuit.
1715 372 1728 536 ¹

237 480 411 540 Quidni
438 481 576 536 effer?
605 484 879 542 Quantulum
893 484 1008 530 enim
1036 498 1155 542 erat,
1183 486 1302 550 quod
1323 487 1523 536 Socrates

237 553 509 615 accipiebat?
529 568 572 602 at
589 558 776 604 multum
792 569 910 613 erat,
932 574 1028 604 eum
1051 557 1198 617 fuisse,
1220 577 1242 606 a
1257 577 1349 623 quo
1365 562 1524 609 Socra-

235 638 302 672 tes
333 628 565 691 acciperet.
612 631 732 676 Num
759 630 860 677 illos
893 629 1099 694 castigare
1133 631 1308 679 mollius
1342 634 1520 696 potuit?

233 701 439 748 Emiffem
455 738 468 761 ‚
488 704 650 767 inquit,
676 705 871 767 pallium,
888 704 919 750 fi
939 722 1146 752 nummos
1167 703 1385 753 haberem.
1419 707 1522 754 Post

233 774 321 821 hoc
347 776 545 840 quisquis
565 778 893 840 properaverit,
917 778 1011 825 sero
1039 779 1123 826 dat.
1150 779 1234 826 iam
1254 781 1421 827 Socrati
1439 782 1520 829 de·-

234 846 333 893 fuit.
372 850 561 912 Propter
599 852 799 916 acerbos⁵
822 853 1047 898 exaffores
1079 865 1275 914 repetere
1309 852 1520 915 prohibe-

233 936 331 968 mus
352 940 362 968 :
387 939 477 968 non
504 937 552 970 ut
586 941 808 987 nunquam
835 923 935 980 fiat,
958 925 1029 971 sed
1050 936 1098 971 ut
1117 942 1258 986 parce.

296 995 451 1041 XXV.
482 995 728 1059 Aristippus
752 994 989 1057 aliquando
1010 995 1238 1042 deieciatus
1266 1005 1518 1057 unguento:

230 1066 375 1123 Male,
399 1067 564 1129 inquit,
591 1067 677 1114 istis
702 1068 960 1115 effeminatis
983 1067 1185 1124 eveniat,
1204 1068 1279 1131 qui
1311 1086 1405 1115 rem
1429 1081 1519 1115 tam

230 1137 385 1185 bellam
412 1139 750 1188 infamaverunt.
779 1140 900 1187 Idem
921 1140 1154 1188 dicendum
1184 1141 1273 1187 est:
1292 1143 1408 1188 Male
1429 1142 1516 1188 istis

230 1201 448 1264 improbis
472 1219 515 1251 et
551 1204 815 1268 importunis
845 1204 1164 1253 beneficiorum
1194 1206 1369 1253 suorum
1404 1223 1515 1274 qua-

233 1277 561 1337 druplatoribus
589 1277 788 1334 eveniat,
811 1278 888 1341 qui
913 1291 1003 1325 tam
1026 1278 1184 1326 bellam
1211 1296 1304 1326 rem
1321 1315 1334 1337 ‚
1360 1280 1516 1326 admo-

230 1348 445 1395 nitionem
472 1350 587 1397 inter
613 1348 778 1397 amicos
795 1387 808 1407 ‚
840 1349 1110 1398 sustulerunt.
1135 1354 1229 1414 Ego
1254 1364 1400 1398 tamen
1420 1364 1516 1399 utar

211 1419 319 1466 hoc
350 1420 446 1468 iure
475 1421 717 1481 amicitiae,
753 1435 797 1469 et
825 1420 1091 1469 beneficium
1122 1423 1177 1469 ab
1206 1439 1262 1469 eo
1288 1434 1514 1486 repetam,

229 1508 254 1538 a
274 1509 365 1555 quo
391 1494 587 1555 petiffem
607 1512 618 1541 τ
641 1495 718 1558 qui
743 1493 914 1542 alterius
942 1493 1145 1541 beneficii
1176 1495 1282 1543 loco
1309 1502 1513 1557 acceptu-

204 1581 299 1611 -rus
334 1564 426 1622 est,
461 1566 650 1629 potuisse
682 1566 879 1614 reddere.
929 1567 1165 1630 Nunquam
1187 1602 1202 1627 ,
1237 1583 1293 1616 ne
1326 1584 1514 1633 querens

227 1635 438 1698 quidem,
473 1637 646 1686 dicam:

1717 1714 1735 1778 033⁸*
1712 1634 1737 1700 :401
1724 1624 1729 1629 κ
1712 1602 1735 1619 s..
1714 1503 1735 1588 „bk-Iu?

609 1763 653 1807 Ε
656 1760 796 1808 ἰεὲἶιιιη
825 1762 939 1807 litore
956 1778 1130 1824 egentem

290 1845 457 1904 Excepi
473 1879 487 1902 ,
518 1842 560 1890 G*
580 1846 691 1906 regni
709 1847 871 1891 demens
888 1847 932 1890 itz
945 1862 1062 1907 parte
1080 1845 1227 1893 locavi.
1720 1861 1737 1897 :t-

226 1965 334 2010 Non
353 1964 413 2010 est
429 1964 504 2011 ista
522 1965 768 2013 admonitio
781 2002 795 2024 ‚
809 1983 900 2013 non
915 1985 933 2014 a
954 1965 1213 2016 convicium
1233 1965 1307 2015 est.
1326 1967 1427 2015 Hoc
1445 1967 1508 2016 est
1547 1968 1551 1971 ’

223 2037 271 2084 in
294 2037 447 2083 odium
468 2038 678 2086 beneficia
698 2040 960 2102 perducere:
983 2040 1069 2088 hoc
1089 2039 1149 2087 est
1172 2030 1429 2098 efficere,ut
1448 2041 1508 2089 in-

224 2124 397 2172 gratum
423 2110 532 2169 effe,
554 2126 629 2158 aut
652 2113 805 2171 liceat,
836 2126 911 2160 aut
927 2113 1061 2161 iuvet.
1083 2113 1217 2171 Satis,
1248 2113 1506 2178 abundeque

224 2181 286 2227 est
302 2217 315 2238 ‚
341 2182 549 2231 submissis
577 2197 622 2232 et
645 2183 929 2232 familiaribus
955 2185 1128 2244 verbis,
1154 2184 1415 2233 memoriam
1433 2202 1506 2233 re-

225 2270 417 2303 vocare:
1535 2271 1545 2293 x

1715 2420 1718 2427 “
1723 2351 1727 2364 -
1704 1898 1739 2306 *nsaw-‚5222
1723 1786 1737 1862 ‚³222

286 2373 321 2414 S
326 2371 341 2412 ἱ
360 2372 453 2416 bene
468 2372 572 2433 quid
589 2375 636 2417 de
655 2389 690 2418 te
711 2377 863 2432 merui,
907 2378 970 2423 uit
992 2391 1070 2422 aut
1086 2377 1160 2422 tibi
1180 2377 1406 2438 quidquam

285 2452 425 2499 Dulce
458 2472 606 2502 meum.
698 2454 699 2457 ¹
