1742 2967
371 145 469 216 m:
518 169 943 216 BENEFICHS
995 171 1123 217 Lm.
1173 173 1246 219 111.
1367 190 1450 238 191

175 276 326 324 testate
357 276 462 335 suit,
493 276 633 323 fecit:
667 276 927 324 beneficium
960 277 1147 325 domino
1177 277 1328 326 dedit:
1358 297 1412 328 ne
1431 297 1456 328 a

174 342 303 396 servo
321 348 540 412 acceperis
554 381 567 404 ‚
586 349 632 394 in
648 362 720 395 tua
744 344 956 411 potestate
971 348 1045 395 est.
1066 349 1181 408 Quis
1202 364 1345 398 autem
1364 362 1455 400 tan-

175 432 244 467 tus
263 415 354 476 est,
374 436 506 483 quem
527 436 616 465 non
638 419 816 466 fortuna
833 419 1031 483 indigere
1051 419 1179 466 etiam
1201 418 1360 468 infimis
1380 439 1455 470 co·

174 493 279 555 gat?
310 492 449 538 Multa
479 493 565 538 iarn
592 491 910 539 beneficiorum
943 489 1144 552 exempla
1173 490 1382 551 referam,
1409 503 1454 542 e't

175 562 418 623 diffimilia,
449 578 493 611 et
515 565 726 628 quaedam
757 564 871 609 inter
896 563 937 609 se
962 564 1192 610 contraria.
1217 564 1357 612 Dedit
1376 566 1456 612 ali-

175 636 272 701 quis
307 638 492 684 domino
533 633 610 684 suo
650 637 786 685 vitam
806 669 821 691 ‚
854 634 974 682 dedit
1004 649 1193 682 mortem
1216 669 1230 692 ‚
1263 637 1456 685 servavit

174 710 414 773 periturum
438 728 448 756 :
471 722 513 756 et
532 711 618 756 hoc
641 709 672 755 fi
703 725 855 772 parum
883 707 965 766 est,
994 710 1220 769 pereundo
1249 710 1454 760 servavit.

174 783 280 830 alius
311 795 501 830 mortem
535 781 706 829 domini
731 779 932 838 adiuvit,
956 779 1061 826 alius
1093 780 1282 843 decepit.

241 856 407 902 XXIII.
437 855 644 901 Claudius
674 850 991 915 Quadrigarius
1018 852 1064 897 in
1098 851 1456 903 duodevicesimo

105 967 109 970 .
175 927 396 976 annalium
425 927 621 984 tradidit,
647 944 745 974 cum
771 925 1042 972 obfideretur
1069 927 1360 974 Grumentum
1380 964 1393 987 ,
1412 939 1457 975 et

175 996 260 1048 iam
289 1001 342 1047 ad
367 1001 578 1047 summam
612 998 956 1062 desperationem
983 1011 1166 1046 ventum
1193 999 1321 1059 esset,
1341 1001 1455 1048 duos

175 1073 326 1120 servos
355 1073 408 1119 ad
446 1072 614 1119 hostem
655 1070 954 1134 transfugisse,
988 1082 1032 1117 et
1073 1082 1234 1134 operae
1266 1073 1455 1134 pretium

175 1140 336 1193 fecisse.
364 1144 539 1192 Deinde
568 1144 678 1191 urbe
704 1155 854 1207 capta,
884 1142 1034 1206 paffim
1061 1143 1329 1191 discurrente
1357 1145 1457 1193 vic-

176 1231 300 1275 tore,
331 1218 429 1265 illos
459 1234 537 1281 per
561 1231 667 1265 nota
697 1216 851 1263 itinera
880 1214 934 1263 ad
966 1217 1147 1262 domum
1177 1216 1220 1262 in
1249 1233 1335 1280 qua
1365 1218 1455 1265 ser—

176 1288 374 1349 vierant,
405 1286 774 1353 praecucurrisse,
808 1302 851 1337 et
875 1288 1100 1335 dominam
1131 1285 1249 1336 suam
1281 1301 1379 1337 ante
1410 1289 1455 1341 se

175 1361 306 1425 egisse
325 1381 334 1409 ε
364 1373 406 1408 et
426 1359 728 1424 quaerentibus
755 1374 968 1423 quaenam
990 1359 1093 1407 esset
1109 1395 1122 1418 ‚
1144 1356 1385 1420 dominam,
1412 1376 1457 1410 et

179 1435 359 1497 quidem
388 1432 721 1481 crudeliffimam
749 1433 801 1478 ad
834 1430 1093 1494 supplicium
1122 1433 1175 1478 ab
1199 1432 1298 1495 ipsis
1324 1434 1456 1493 duci,

178 1506 400 1569 professos
417 1504 516 1552 effe.
535 1502 745 1550 Edu&am
774 1502 932 1550 deinde
958 1514 1073 1549 ex'sra
1103 1516 1274 1560 muros,
1290 1504 1455 1551 summa

179 1596 281 1625 cura
313 1576 493 1635 celasse,
530 1576 672 1624 donec
704 1573 869 1622 'hostilis
894 1575 957 1622 ira
986 1573 1242 1621 confideret.
1273 1575 1458 1637 deinde‚

178 1666 227 1700 ut
249 1648 420 1700 satiatus
443 1649 567 1697 miles
586 1650 677 1696 ciro
695 1650 748 1695 ad
768 1651 996 1695 Romanos
1017 1662 1164 1695 mores
1179 1647 1306 1694 rediit
1326 1683 1338 1706 ‚
1359 1649 1457 1697 illos

179 1738 360 1787 quoque
381 1725 432 1770 ad
451 1719 550 1770 suos
567 1717 735 1779 redisse,
751 1734 794 1769 et
814 1720 1036 1768 dominam
1058 1717 1134 1765 fibi
1154 1719 1268 1781 ipsos
1286 1721 1456 1768 dedisse·⁵

180 1797 433 1844 Manumifit
451 1809 686 1860 utrumque
705 1813 728 1842 e
741 1792 926 1858 vestigio
946 1794 1039 1839 ilia:
1064 1808 1143 1838 nec
1160 1790 1378 1855 indignata
1396 1794 1456 1840 est

181 1872 236 1918 ab
258 1871 323 1918 his
340 1872 381 1918 se
401 1870 536 1917 vitam
556 1869 767 1931 accepisse
780 1905 793 1927 ‚
817 1869 861 1915 in
881 1884 992 1932 quos
1014 1867 1129 1913 vitae
1148 1866 1353 1929 necisque
1372 1881 1455 1930 po-³

180 1945 372 1993 testatem
393 1940 614 1990 habuisset.
636 1940 785 1988 Potuit
807 1940 884 1987 fibi
903 1940 991 1986 hoc
1010 1939 1081 1984 vel
1108 1939 1243 2001 magis
1265 1941 1456 2002 gratula-

182 2018 233 2064 ri.
260 2013 395 2063 Aliter
413 2015 531 2062 enim
556 2015 740 2068 servata,
765 2029 926 2060 munus
948 2023 1078 2059 notae
1101 2026 1144 2057 et
1166 2010 1352 2073 vulgaris
1371 2009 1457 2058 cle-2

181 2089 367 2136 mentiae
405 2086 613 2135 habuisset
642 2103 653 2132 t
686 2085 742 2133 fic
781 2082 945 2132 servata
966 2120 978 2139 ‚
1008 2078 1169 2129 nobilis
1203 2082 1345 2128 fabula
1365 2115 1378 2137 ‚
1413 2096 1457 2130 et

184 2161 431 2223 exemplum
456 2161 640 2205 duarum
667 2158 840 2205 urbium
869 2156 964 2203 fuit.
990 2157 1036 2201 In
1061 2166 1177 2202 tanta
1202 2154 1457 2202 confusione

181 2245 333 2295 captae
354 2229 572 2288 civitatis,
593 2246 691 2276 cum
713 2227 789 2275 fibi
808 2229 990 2291 quisque
1016 2227 1280 2283 consuIeret,
1301 2242 1458 2297 omnes

182 2306 238 2352 ab
256 2305 323 2351 illa
344 2319 513 2367 praeter
529 2301 773 2365 transfugas
793 2301 1008 2364 fugerunt.
1029 2306 1083 2344 At
1099 2298 1168 2355 hi,
1190 2311 1238 2344 ut
1255 2298 1456 2345 ostende-

184 2393 280 2425 rent
298 2394 388 2441 quo
416 2376 565 2423 animo
590 2375 698 2422 faRa
720 2373 824 2421 effet
847 2373 968 2436 prior
986 2372 1053 2418 illa
1075 2368 1296 2427 transitio,
1317 2386 1339 2415 a
1358 2371 1456 2418 vic-

186 2451 354 2498 toribus
374 2450 427 2498 ad
447 2450 662 2513 captivam
689 2447 1010 2511 transfugerunt
1024 2479 1038 2502 ,
1069 2443 1296 2507 personam
1316 2440 1456 2505 patrio,
