1742 2967
320 121 459 216 256¹
562 153 609 200 L.
661 152 961 198 ANNAEI
1011 144 1371 197 SENECAE*

314 260 460 323 poris,
494 260 590 308 sunt
616 260 833 307 fortunae.
879 259 954 304 Illa
983 257 1115 304 animi
1146 259 1290 318 bona,
1320 276 1344 305 a
1374 257 1509 306 stulto
1541 276 1590 307 ac

312 335 431 379 malo
457 332 809 380 submoventur:
839 331 893 377 ad
913 331 1019 376 haec
1047 330 1305 388 admittitur,
1323 348 1432 394 quae
1458 343 1502 378 et
1517 347 1591 378 ac-

311 407 456 467 cipere
485 405 657 469 potest,
688 418 732 452 et
762 403 894 450 debet
921 403 1136 450 reddere:
1167 417 1211 451 et
1239 404 1270 450 si
1297 421 1388 450 non
1415 404 1557 450 reddit
1574 439 1588 462 ‚

310 479 503 542 ingratus
536 478 608 525 est.
648 478 744 524 Nec
777 476 864 522 hoc
893 492 946 522 ex
977 475 1123 523 nostra
1154 476 1464 523 constitutione
1492 493 1590 524 tan-

311 565 419 598 tum.
455 550 729 613 Peripatetici
764 566 945 613 quoque
969 583 983 606 ,
1018 549 1096 611 qui
1130 547 1343 595 felicitatis
1375 549 1589 595 humanae

309 626 440 688 longe
467 624 638 686 lateque
672 622 885 670 terminos
913 634 1111 684 ponunt,
1140 621 1286 679 aiunt,
1313 621 1478 668 minuta
1508 622 1587 669 be-

308 697 464 744 neficia
495 707 756 760 perventura
784 695 839 741 ad
869 694 1022 740 malos.
1055 694 1163 740 haec
1191 693 1268 756 qui
1296 709 1388 740 non
1413 694 1586 750 reddit,

306 771 495 835 ingratus
514 770 586 817 est.
618 768 759 816 Nobis
786 768 930 831 itaque
955 765 1170 814 beneficia
1195 767 1279 814 effe
1307 784 1399 813 non
1418 768 1588 830 placet,

307 863 419 909 quae
442 862 534 891 non
560 842 656 890 sunt
680 842 874 889 animum
900 841 1067 888 factura
1095 842 1323 889 meliorem
1346 859 1358 889 t
1384 858 1588 889 commc-

305 919 361 964 da
379 932 524 966 tamen
543 917 614 963 illa
632 915 718 962 effe
730 950 743 973 ‚
761 927 804 962 et
824 915 1062 977 expetenda
1078 945 1092 969 ‚
1110 931 1202 960 non
1218 930 1436 977 negamus.
1465 916 1586 963 Haec

305 1005 350 1039 et
375 992 478 1039 viro
513 991 638 1037 bono
664 989 767 1035 dare
794 988 932 1034 malus
958 986 1122 1051 potest,
1149 1000 1193 1034 et
1224 986 1422 1049 accipere
1447 1003 1472 1034 a
1505 989 1586 1034 bo-

306 1083 398 1112 no:
423 1080 470 1112 ut
496 1062 753 1127 pecuniam,
777 1061 967 1118 vestem,
995 1062 1210 1119 honores,
1237 1074 1281 1107 et
1294 1060 1446 1108 vitam.
1473 1079 1584 1126 quae

306 1138 337 1184 si
364 1154 454 1184 non
485 1137 667 1195 reddet,
700 1136 746 1182 in
773 1136 927 1200 ingrati
962 1153 1127 1184 nomen
1158 1135 1335 1183 incidet.
1384 1140 1440 1182 At
1464 1154 1584 1201 quo—

305 1212 445 1258 modo
477 1211 693 1273 ingratum
729 1224 862 1255 vocas
879 1245 892 1265 ‚
916 1226 973 1256 eo
1004 1226 1096 1256 non
1122 1209 1296 1256 reddito
1313 1244 1327 1267 ‚
1354 1211 1476 1273 quod
1503 1228 1583 1257 ne·-

304 1302 382 1349 gas
400 1284 486 1330 effe
503 1281 793 1330 beneficium?
812 1283 1041 1342 Quaedam
1064 1281 1227 1329 etiamst
1250 1299 1354 1329 vera
1371 1299 1464 1329 non
1483 1282 1582 1341 fint,

303 1371 486 1423 propter
508 1357 832 1404 fimilitudinem
856 1357 1013 1403 eodem
1039 1355 1264 1404 vocabulo
1287 1357 1577 1419 comprehen-

304 1433 346 1480 sa
372 1434 482 1481 sunt.
507 1434 576 1481 Sic
608 1432 825 1498 pyxidem
843 1464 857 1488 ‚
885 1445 928 1480 et
958 1444 1206 1496 argenteam
1235 1442 1279 1478 et
1310 1448 1486 1478 auream
1513 1432 1582 1478 di-

304 1507 443 1554 cimus
464 1525 475 1554 :
503 1506 561 1554 fic
587 1507 831 1553 illiteratum
847 1542 860 1564 ,
893 1522 984 1552 non
1004 1523 1059 1552 ex
1088 1517 1187 1552 toto
1219 1506 1402 1561 rudem,
1433 1505 1507 1552 sed
1525 1506 1582 1551 ad

304 1583 448 1628 literas
475 1581 653 1628 altiores
682 1597 772 1627 non
808 1580 1092 1642 perdufiium:
1127 1578 1185 1624 fic
1213 1577 1289 1642 qui
1313 1578 1424 1625 male
1441 1577 1578 1625 vesti-

302 1667 422 1702 tum‘
425 1667 469 1701 et
493 1654 733 1717 pannosum
760 1653 898 1708 vidit,
919 1654 1081 1700 nudum
1110 1653 1150 1700 se
1170 1643 1326 1701 vidiss‘e
1348 1652 1466 1699 dicit.
1496 1652 1582 1697 Be-

302 1727 457 1775 neficia
481 1727 558 1774 ista
589 1743 682 1774 non
714 1726 844 1773 sunt:
871 1726 1032 1772 habent
1061 1737 1207 1772 tamen
1242 1724 1442 1771 beneficii
1479 1724 1579 1787 spe-

300 1801 428 1849 ciem.
465 1799 716 1861 Quomodo
738 1799 814 1846 ista
833 1800 927 1846 sunt
952 1811 1158 1864 tanquam
1190 1799 1425 1847 beneficia:
1450 1797 1507 1844 sic
1536 1807 1579 1843 et

302 1874 370 1920 ille
396 1888 603 1936 tanquam
633 1872 826 1935 ingratus
843 1871 928 1929 est,
960 1889 1052 1930 non
1073 1873 1275 1935 ingratus.
1295 1869 1462 1916 Falsum
1487 1869 1575 1924 est3

302 1946 404 2009 quia
427 1946 498 1991 illa
523 1944 735 1992 beneficia
753 1980 766 2001 ‚
791 1957 834 1991 et
855 1945 934 2007 qui
961 1945 1033 1990 dat
1057 1944 1270 2006 appellat,
1293 1957 1337 1990 et
1360 1943 1436 2006 qui
1461 1942 1576 1989 acci-

300 2019 378 2081 pit.
413 2021 476 2064 lta
498 2031 541 2064 et
564 2017 641 2081 qui
657 2017 762 2064 'veri
782 2016 985 2064 beneficii
1015 2017 1154 2078 specie
1179 2014 1338 2063 fefellit
1355 2051 1369 2075 ,
1393 2030 1483 2062 tam
1506 2014 1574 2060 in-

301 2102 443 2152 gratus
469 2090 552 2148 est,
580 2107 710 2154 quam
740 2089 990 2145 veneficus,
1013 2089 1090 2154 qui
1116 2091 1353 2154 soporem,
1379 2105 1481 2136 cum
1502 2104 1577 2136 ve-

300 2179 460 2210 nenum
484 2164 680 2210 crederet
695 2199 708 2222 ,
734 2164 918 2211 miscuit.

368 2238 491 2284 XIV.
517 2238 749 2284 Cleanthes
773 2238 1076 2286 vehementius
1105 2236 1207 2301 agit.
1233 2237 1380 2295 Licet,
1403 2234 1572 2300 inquit,

301 2311 563 2358 beneficium
584 2328 676 2358 non
699 2311 749 2358 sit
777 2313 902 2376 quod
931 2312 1088 2374 accipit
1103 2346 1118 2367 ‚
1144 2310 1235 2374 ipse
1253 2322 1401 2357 tamen
1422 2309 1570 2372 ingra-

298 2401 366 2432 tus
388 2386 477 2432 est:
500 2386 599 2449 quia
628 2404 719 2432 non
746 2387 828 2433 fuit
859 2386 1104 2432 redditurus
1120 2421 1135 2443 ,
1157 2385 1287 2431 etiam
1319 2384 1351 2429 fi
1377 2381 1570 2444 accepis-

298 2461 369 2506 (et.
394 2460 464 2508 Sic
493 2461 605 2507 lata-0
632 2459 718 2521 est,
745 2460 877 2507 etiam
909 2471 1140 2524 antequam
1169 2473 1324 2507 manus
1341 2455 1568 2521 inquinet:
