1742 2967
359 199 452 255 τω
617 188 668 240 L.
717 190 1014 239 ANNAEI
1058 190 1415 240 SENECAE

358 296 484 361 quod
510 296 668 361 opinio
686 314 758 345 tua
779 298 966 362 refugiat
980 335 993 357 ,
1011 297 1172 346 dicere.
1200 300 1263 346 Illi
1280 298 1498 347 beneficio
1517 299 1639 364 quod

358 371 474 418 aelio
494 370 687 433 perficit,
706 371 837 417 relata
857 371 994 434 gratia
1012 370 1091 428 est,
1108 371 1139 417 fi
1157 371 1262 418 illud
1281 372 1498 419 benevole
1523 373 1640 419 exci-

356 443 517 507 pimus:
534 444 641 489 illud
656 443 839 490 alterum
855 444 975 507 quod
989 460 1034 489 re
1044 444 1309 500 continetur,
1324 446 1520 490 nondum
1534 445 1637 491 red-

356 517 561 573 didimus,
580 516 651 562 sed
664 516 870 564 volumus
888 517 1082 564 reddere.
1094 517 1324 564 Voluntati
1338 518 1567 565 voluntate
1582 516 1639 564 sa·

357 589 599 637 tisfecimus
613 625 626 647 ‚
645 591 707 636 rei
724 607 814 637 rem
835 591 1055 638 debemus.
1076 593 1223 654 ltaque
1236 591 1438 654 quamvis
1452 591 1641 638 retulisse

355 663 477 709 illum
511 662 693 726 gratiam
724 663 942 720 dicamus,
971 663 1047 727 qui
1069 661 1334 710 beneficium
1360 664 1543 711 libenter
1564 680 1640 710 ac-

356 737 498 798 cepit;
528 737 726 784 iubemus
763 750 908 785 tamen
940 738 1102 801 aliquid
1131 737 1265 785 simile
1291 738 1330 785 ei
1362 738 1485 802 quod
1513 754 1640 785 acce-

356 808 447 872 pit,
466 809 658 856 reddere.
679 812 714 855 A
734 811 1045 858 consuetudine
1064 811 1277 876 quaedam
1299 829 1410 875 quae
1435 810 1644 869 dicimus,

355 882 625 928 abhorrent:
649 882 805 928 deinde
826 884 878 930 de
904 884 983 930 alia
1009 884 1083 931 via
1111 884 1165 931 ad
1198 884 1551 932 consuetudinem
1572 900 1643 931 re-

356 955 504 1003 deunt.
537 956 758 1017 Negamus
778 957 979 1004 iniuriam
1007 957 1207 1019 accipere
1223 957 1455 1020 sapientem
1480 975 1490 1003 t
1514 969 1557 1004 et
1576 971 1641 1003 ta-

355 1045 460 1076 men
488 1028 564 1090 qui
588 1028 708 1074 illum
743 1046 895 1092 pugno
928 1029 1206 1092 percusserit,
1236 1029 1489 1076 iniuriarum
1513 1030 1640 1076 darn-

356 1101 541 1150 nabitur.
567 1101 788 1165 Negamus
815 1120 908 1149 rem
936 1103 1050 1150 stulti
1072 1103 1156 1150 effe
1177 1122 1187 1150 :
1211 1116 1252 1150 et
1276 1119 1420 1150 tamen
1446 1120 1546 1150 eum
1567 1102 1642 1166 qui

356 1191 450 1221 rem
487 1174 677 1237 aliquam
709 1173 838 1220 stulto
877 1174 1158 1239 surripuerit,
1190 1174 1296 1222 furti
1327 1175 1644 1221 condemnabi-

356 1265 464 1295 mus.
487 1248 674 1293 insanire
693 1264 848 1295 omnes
866 1248 1019 1296 stultos
1037 1249 1223 1296 dicimus
1242 1267 1251 1295 :
1275 1265 1355 1295 nec
1379 1263 1525 1295 tamen
1547 1265 1643 1294 om-

356 1337 433 1369 nes
463 1337 662 1367 curamus
686 1321 897 1369 elleboro.
927 1322 991 1368 his
1019 1322 1116 1384 ipfis
1139 1339 1252 1385 quos
1283 1339 1498 1369 vocamus
1525 1322 1643 1369 insa-

357 1411 438 1442 nos
458 1431 470 1451 ‚
503 1409 546 1442 et
575 1394 824 1459 suffragium
857 1409 899 1443 et
928 1396 1273 1443 iurisdic'tionem
1309 1396 1648 1445 committimus.

356 1469 427 1516 Sic
450 1469 634 1515 dicimus
656 1486 775 1525 eum,
799 1470 873 1531 qui
900 1469 1160 1518 beneficium
1193 1470 1314 1515 bono
1344 1469 1493 1515 animo
1521 1486 1647 1516 acce-

356 1543 455 1607 pit,
492 1544 671 1607 gratiam
709 1543 893 1590 retulisse
926 1561 936 1589 :
974 1543 1261 1589 nihilominus
1301 1541 1420 1589 illum
1462 1541 1506 1587 in
1543 1558 1644 1589 aere

354 1618 500 1664 alieno
527 1617 810 1679 relinquimus
829 1654 840 1673 ,
878 1618 1056 1680 gratiam
1085 1618 1321 1663 relaturum
1339 1654 1350 1674 ,
1374 1616 1505 1662 etiam
1540 1632 1641 1663 cum

356 1691 566 1738 retulerit.
595 1692 853 1738 Exhortatio
871 1692 931 1740 est
956 1693 1049 1749 illa,
1069 1709 1159 1737 non
1186 1691 1391 1737 infitiatio
1417 1689 1640 1737 beneficii.

357 1765 428 1810 Ne
455 1763 712 1820 timeamus,
743 1780 855 1810 neve
884 1764 1146 1810 intolerabili
1172 1763 1333 1811 sarcina
1367 1760 1547 1823 depressi
1569 1761 1645 1808 de-

359 1835 561 1883 ficiamus
591 1837 754 1883 animo,
798 1839 919 1882 Bona
953 1837 1060 1882 mihi
1092 1838 1254 1883 donata
1290 1836 1416 1888 sunt,
1454 1848 1497 1881 et
1528 1834 1645 1881 fama

356 1908 788 1966 defensa,detra&ae
814 1910 981 1965 sordes,
1009 1909 1204 1970 spiritus,
1224 1924 1266 1955 et
1292 1909 1466 1953 libertas
1493 1907 1645 1968 potior

360 1981 542 2044 spiritu;
569 1994 612 2027 et
638 1982 870 2044 quomodo
901 1980 1063 2027 referre
1081 1981 1261 2043 gratiam
1288 1975 1450 2042 potero
1469 1978 1486 2024 ?
1507 1995 1645 2041 quan·

361 2054 423 2100 do
454 2054 526 2100 ille
556 2054 704 2101 veniet
731 2054 850 2110 dies,
884 2069 976 2116 quo
1006 2052 1066 2098 illi
1097 2053 1287 2098 animum
1321 2068 1465 2097 meum
1497 2051 1646 2097 osten-

361 2126 499 2172 dam?
530 2125 603 2172 hic
632 2126 722 2188 ipse
752 2125 960 2189 est‚⁵quo
991 2124 1062 2170 ille
1093 2124 1212 2171 suum
1245 2123 1447 2170 ostendit.
1479 2122 1647 2185 Excipe

360 2199 650 2258 beneficium,
680 2201 928 2262 amplexare
951 2199 1145 2263 :gaude:
1171 2215 1259 2244 non
1288 2198 1408 2260 quod
1433 2197 1645 2258 accipias,

361 2273 435 2320 sed
464 2273 586 2335 quod
615 2274 790 2329 reddas,
826 2272 1134 2333 debiturusque
1160 2270 1224 2317 fis.
1257 2270 1362 2315 Non
1392 2267 1527 2314 adibis
1553 2281 1644 2313 tam

363 2360 545 2407 magnae
575 2345 637 2392 rei
664 2346 931 2408 periculum,
961 2356 1010 2391 ut
1033 2344 1150 2391 casus
1184 2345 1400 2407 ingratum
1428 2342 1572 2388 facere
1601 2354 1645 2387 te

362 2416 503 2477 poffit.
529 2417 678 2465 Nullas
696 2417 774 2463 tibi
803 2434 1054 2480 proponam
1079 2417 1376 2472 difficultates,
1394 2431 1447 2460 ne
1464 2413 1645 2474 despon-

361 2487 462 2538 deas
478 2491 627 2539 animo
645 2527 660 2550 ‚
684 2508 739 2541 ne
759 2491 959 2543 laborum
979 2507 1030 2540 ac
1046 2490 1202 2555 longae
1221 2487 1443 2539 servitutis
1460 2484 1642 2549 exspec-⁴
