1742 2967
264 192 412 261 ‚DE
463 203 937 250 CLeisiENTiA
989 206 1202 252 L113.1.
1342 222 1392 268 13

120 310 277 357 iniuria
302 311 437 358 venir.
461 298 619 358 timent
649 305 866 374 przieterea
899 326 1201 358 contemtum:
1231 324 1273 359 et
1302 331 1396 361 non

118 383 309 430 retulisse
330 385 595 432 laedentibus
609 386 810 448 gratiam,
833 383 1060 430 infirmitas
1080 385 1254 431 videtur
1269 423 1280 439 .,
1303 404 1396 434 non

119 458 364 505 clementia.
384 461 439 503 At
460 459 530 504 cui
553 459 664 503 ultio
682 459 726 503 in
747 458 862 505 facili
882 458 964 512 est,
985 458 1019 504 is
1037 458 1190 503 omissa
1209 476 1283 513 ea,
1302 477 1398 506 cer·

120 542 207 575 tam
237 530 408 576 laudem
436 530 769 577 mansuetudinis
789 522 1080 593 coni-‘'equitur.
1106 532 1273 577 Humili
1296 533 1400 580 loco

63 647 66 649 Α
120 601 269 663 positis
295 619 472 649 exerere
499 619 674 649 manum
693 638 707 659 ,
745 602 936 665 litigare,
968 602 1012 648 in
1042 603 1182 650 rixam
1210 621 1400 667 procur-

121 690 242 731 rere,
264 693 314 723 ac
347 694 516 724 morem
545 678 632 723 irae
664 677 761 723 suae
788 687 968 739 gerere,
999 676 1175 724 liberius
1210 677 1284 724 est.
1337 679 1401 724 le-

120 763 195 794 ves
220 749 333 796 inter
352 751 471 813 paria
497 750 605 797 istus
629 751 735 796 sunt.
774 749 867 812 regi
899 750 1163 797 vociferatio
1192 767 1401 814 quoque,

122 822 452 887 verborumque
479 822 810 885 intemperantia
847 839 938 868 non
970 840 1025 869 ex
1066 823 1285 870 maiestate
1323 824 1401 872 est.

186 895 302 940 VIII.
337 897 488 942 Grave
514 907 664 958 putas,
696 894 808 956 eripi
836 893 1048 957 loquendi
1075 895 1302 942 arbitrium
1327 913 1401 942 re-

120 965 271 1028 gibus,
298 969 420 1031 quod
447 967 679 1014 humillimi
708 966 908 1013 habent?
951 966 1056 1025 Ista,
1076 967 1244 1031 inquit,
1272 968 1403 1016 servi·

121 1051 189 1086 tus
208 1039 284 1099 est,
304 1057 395 1087 non
415 1041 666 1104 imperium.
692 1041 817 1101 Quid
840 1054 888 1088 tu
907 1041 925 1088 ἓ
947 1058 1037 1088 non
1057 1043 1267 1105 experiris
1288 1042 1402 1089 istud

121 1113 251 1160 nobis
271 1114 357 1161 effe
371 1150 384 1172 ‚
401 1115 481 1162 tibi
502 1114 752 1162 servitutem
770 1114 787 1160 ?
821 1114 915 1160 Alia
945 1114 1145 1162 conditio
1163 1114 1223 1161 est
1241 1131 1399 1163 eorum

122 1186 199 1248 qui
224 1186 269 1233 in
292 1188 414 1234 turba
429 1223 443 1246 ,
470 1205 603 1251 quam
629 1204 721 1235 non
745 1188 990 1242 excedunt,
1023 1187 1184 1234 latent:
1207 1205 1401 1252 quorum

122 1273 167 1306 et
183 1260 364 1307 virtutes
393 1275 439 1307 ut
470 1275 737 1323 appareant,
765 1260 841 1306 diu
867 1260 1107 1316 luctantur,
1137 1273 1180 1307 et
1199 1261 1308 1309 vitia
1338 1275 1401 1308 te·-

125 1333 282 1382 nebras
305 1335 481 1382 hahent.
509 1335 661 1382 Vestra
689 1335 800 1381 fasta
819 1334 1017 1398 dictaque
1043 1352 1197 1382 rumor
1216 1337 1402 1400 excipit:

121 1418 165 1452 et
181 1407 284 1456 ideo
304 1408 431 1455 nullis
451 1410 588 1473 magis
605 1410 847 1456 curandum
866 1409 941 1467 est,
960 1410 1130 1473 qualem
1146 1409 1305 1457 famam
1325 1413 1401 1457 ha-

120 1479 271 1540 beant,
297 1499 428 1545 quam
448 1482 522 1545 qui
543 1482 894 1546 qualemcunque
921 1482 1178 1548 meruerint,
1199 1500 1401 1547 magnam

122 1553 311 1601 habituri
341 1555 448 1602 sunt.
479 1558 625 1616 Quam
646 1555 783 1603 multa
802 1557 881 1603 tibi
900 1573 989 1603 non
1014 1556 1163 1614 licent,
1183 1574 1295 1621 quae
1321 1576 1401 1605 no·

123 1626 190 1674 bis
216 1627 436 1675 beneficio
461 1642 542 1676 tuo
572 1629 742 1676 licent?
772 1629 948 1676 Poflum
975 1630 1021 1676 in
1054 1631 1245 1692 qualibet
1278 1648 1400 1694 parte

121 1701 240 1748 urbis
260 1700 374 1749 solus
407 1703 610 1750 incedere
639 1703 725 1750 fine
753 1703 938 1760 timore,
957 1705 1160 1766 quamvis
1178 1704 1319 1751 nullus
1336 1706 1400 1750 le·-

123 1790 283 1838 quatur
305 1793 479 1834 comes,
504 1777 642 1824 nullus
665 1777 715 1824 fit
742 1778 897 1832 domi,
924 1777 1068 1834 nullus
1098 1779 1150 1824 ad
1180 1779 1288 1825 latus
1312 1780 1402 1842 gla-

124 1850 222 1898 dius
242 1867 253 1896 :
273 1849 352 1899 tibi
369 1850 414 1897 in
434 1862 505 1897 tua
526 1852 635 1914 pace
660 1856 829 1898 armato
846 1851 1085 1899 vivendum
1114 1851 1186 1899 est.
1205 1852 1398 1898 Aberra-

121 1939 169 1969 re
187 1940 211 1969 a
231 1922 408 1969 fortuna
422 1938 494 1970 tua
514 1939 605 1970 non
625 1939 764 1987 potes.
790 1924 959 1971 obsidet
978 1936 1019 1971 te
1038 1960 1050 1981 ,
1067 1936 1111 1970 et
1130 1940 1400 1987 quocunque

122 1994 371 2053 descendis,
391 2011 555 2059 magno
583 2011 793 2059 apparatu
818 1995 1022 2060 sequitur.
1057 1996 1128 2042 Est
1154 1997 1261 2043 haec
1282 1996 1400 2042 surn-

123 2084 194 2114 ma
217 2067 523 2132 magnitudinis
543 2068 746 2124 servitus,
777 2084 867 2114 non
895 2068 1015 2130 poffe
1035 2067 1128 2115 fieri
1148 2070 1366 2115 minorem
1384 2086 1397 2113 :

122 2138 196 2186 sed
226 2158 328 2188 cum
355 2140 436 2187 diis
462 2140 542 2188 tibi
571 2143 821 2188 communis
845 2141 922 2187 ista
950 2141 1170 2188 neceffitas
1196 2142 1270 2189 est.
1297 2159 1398 2189 nam

121 2211 220 2258 illos
246 2228 427 2275 quoque
456 2213 630 2260 coelum
658 2214 856 2277 alligatos
875 2226 1021 2261 tenet:
1049 2231 1130 2261 nec
1159 2215 1293 2278 magis
1312 2214 1397 2261 illis

121 2285 382 2332 descendere
405 2285 553 2332 datum
574 2284 633 2332 est
648 2322 661 2343 ,
690 2303 822 2349 quam
838 2286 918 2333 tibi
937 2297 1092 2334 tutum.
1113 2287 1298 2350 Fastigio
1316 2301 1399 2334 tuo

123 2358 274 2404 affixus
295 2375 354 2404 es.
371 2357 559 2406 Nostros
576 2373 723 2406 motus
741 2360 868 2422 pauci
889 2360 1093 2407 sentiunt.
1116 2360 1293 2422 prodire
1312 2375 1397 2405 no-

122 2431 211 2489 bis,
231 2449 280 2478 ac
304 2432 534 2490 recedere,
560 2445 603 2479 et
623 2445 789 2480 mutare
816 2433 1014 2494 habitum
1035 2433 1121 2479 fine
1147 2433 1266 2480 sensu
1285 2433 1398 2495 pub-

122 2504 209 2554 lico
237 2505 338 2554 licet
368 2524 378 2552 :
406 2504 487 2553 tibi
513 2522 606 2553 non
643 2507 804 2570 magis,
835 2521 965 2570 quam
991 2506 1100 2564 soli,
1128 2505 1258 2553 latere
1285 2522 1396 2553 con-
