1742 2967
308 211 400 261 152.
531 197 579 243 L.
630 195 942 243 ANNAEI
990 195 1358 243 SENECAE

301 320 394 352 non
414 303 665 360 verniliter,
687 321 766 351 nec
789 321 837 350 ea
866 303 1025 367 figura.
1053 320 1138 368 qua
1159 304 1334 368 quidam
1355 300 1586 363 reiiciunt,

299 397 416 444 quae
438 374 577 444 magis
593 381 645 426 ad
664 379 706 426 se
727 379 882 426 volunt
903 379 1128 426 attrahere.
1147 380 1323 428 Deinde
1343 380 1587 427 adiicienda

303 453 451 500 omnis
471 453 729 500 humanitas.
751 454 906 499 Perdet
929 452 1120 515 agricola
1137 453 1258 515 quod
1279 452 1450 516 sparsit,
1472 453 1502 499 fi
1523 454 1587 499 la-

302 525 436 573 bores
455 525 554 573 suos
577 524 773 572 destituet
796 525 841 571 in
869 525 1045 571 semine.
1076 525 1214 571 Multa
1235 526 1337 572 cura
1370 526 1456 572 sata
1486 542 1588 588 per-

303 598 526 643 ducuntur
543 597 596 642 ad
614 597 810 662 segetem.
831 596 939 641 nihil
959 596 1003 641 in
1020 595 1208 642 studium
1225 599 1451 659 pervenit,
1464 599 1588 661 quod

303 686 396 716 non
410 685 432 715 a
452 668 597 732 primo
611 685 746 732 usque
763 669 818 714 ad
837 681 1081 715 extremum
1099 670 1287 731 aequalis
1307 671 1471 716 cultura
1485 688 1589 733 pro-

303 741 522 804 sequitur:
540 742 689 788 eadem
712 740 1029 788 beneficiorum
1047 741 1108 788 est
1128 742 1340 789 conditio.
1358 743 1589 807 Numquid

301 814 390 861 ulla
410 814 573 860 maiora
594 813 768 876 possunt
785 813 871 859 effe
885 848 898 871 ,
918 829 1049 876 quam
1071 830 1181 875 quae
1200 813 1244 859 in
1264 814 1426 862 liberos
1447 831 1587 878 patres

304 885 544 933 conferunt
562 885 580 932 ?
605 887 723 933 Haec
743 902 889 935 tamen
918 885 1038 932 irrita
1058 885 1174 942 sunt,
1192 885 1222 932 fi
1242 885 1286 932 in
1305 886 1485 934 infantia
1507 889 1589 934 de-

303 960 525 1018 serantur,
550 960 625 1006 nisi
652 960 783 1023 longa
805 960 939 1022 pietas
959 976 1116 1006 munus
1145 959 1268 1006 suum
1295 961 1469 1008 nutriat.
1500 966 1587 1009 Ea-

302 1033 407 1079 dem
439 1045 687 1079 ceterorum
721 1031 1040 1078 beneficiorum
1070 1032 1270 1079 conditio
1298 1033 1388 1081 est:
1415 1035 1491 1081 nifi
1517 1036 1587 1082 illa

303 1105 552 1162 adiuveris,
574 1107 742 1166 perdes.
768 1122 922 1168 parum
951 1104 1013 1150 est
1035 1104 1195 1151 dedisse
1211 1137 1225 1159 ‚
1258 1104 1453 1153 fovenda
1482 1106 1590 1154 sunt.

303 1177 348 1222 Si
380 1190 527 1240 gratos
550 1178 618 1226 vis
642 1179 800 1226 habere
826 1195 939 1242 quos
962 1178 1157 1242 obligas,
1187 1194 1276 1225 non
1309 1191 1478 1225 tantum
1515 1180 1590 1226 des

304 1263 487 1313 oportet
505 1252 736 1311 beneficia,
752 1252 824 1299 sed
841 1266 884 1301 et
899 1269 1029 1301 ames.
1046 1253 1296 1316 Praecipue,
1311 1268 1359 1300 ut
1375 1253 1482 1310 dixi,
1503 1270 1594 1315 par·

304 1342 455 1372 camus
471 1327 659 1374 auribus.
678 1328 928 1374 admonitio
941 1328 1131 1375 taedium
1151 1327 1254 1374 facit
1267 1364 1278 1384 ‚
1299 1328 1589 1389 exprobratio

264 1454 269 1462 J
305 1400 473 1447 odium.
492 1400 613 1447 Nihil
633 1418 769 1463 aeque
789 1401 833 1447 in
854 1401 1076 1449 beneficio
1097 1401 1245 1447 dando
1265 1401 1492 1447 vitandum
1512 1401 1589 1457 est,

254 1464 263 1474 ³
303 1490 436 1536 quam
465 1472 675 1536 superbia.
711 1474 834 1534 Quid
863 1491 976 1536 opus
999 1475 1244 1538 arrogantia
1277 1475 1454 1521 vultus?
1481 1474 1589 1537 quid

304 1560 481 1594 tumore
513 1548 787 1594 verborum?
812 1547 899 1609 ipsa
924 1565 994 1594 res
1022 1560 1064 1594 te
1090 1547 1276 1594 extollit.
1307 1548 1589 1594 Detrahenda

304 1618 366 1664 est
391 1619 530 1666 inanis
562 1619 733 1666 iaElatio
757 1639 768 1667 :
797 1636 864 1667 res
888 1620 1144 1683 loquantur,
1178 1620 1306 1667 nobis
1333 1620 1589 1667 tacentibus.

304 1691 413 1737 Non
443 1703 610 1738 tantum
638 1692 853 1757 ingratum
870 1729 885 1753 ‚
915 1692 989 1740 sed
1017 1692 1207 1740 invisum
1236 1692 1297 1740 est
1320 1691 1585 1740 beneficium

304 1764 487 1826 superbe
518 1765 683 1813 datum.
744 1808 746 1811 .

370 1839 472 1886 XII.
503 1839 556 1885 C.
593 1839 750 1887 Caesar
776 1839 895 1887 dedit
920 1838 1055 1886 vitam
1091 1839 1308 1902 Pompeio
1344 1841 1524 1894 Penno;
1555 1840 1586 1885 fi

305 1910 402 1964 dat,
425 1910 501 1972 qui
525 1928 615 1956 non
635 1911 777 1958 aufert
796 1911 981 1957 :deinde
1001 1911 1200 1958 absoluto
1215 1946 1229 1969 ,
1261 1922 1303 1957 et
1325 1910 1468 1973 agenti
1486 1927 1586 1974 gra-

305 1982 383 2029 tias
401 2018 413 2038 ‚
441 1983 640 2044 porrexit
656 1983 940 2030 osculandum
964 1983 1174 2030 sinistrum
1205 1983 1375 2046 pedem.
1394 1983 1485 2043 Qui
1503 2000 1586 2029 ex-

305 2054 456 2100 cusant
472 2090 485 2111 ,
513 2066 556 2101 et
574 2069 733 2118 negant
752 2055 796 2102 id
824 2055 1075 2104 insolentiae
1095 2056 1217 2102 causa
1243 2055 1405 2101 faEtum
1428 2071 1438 2100 ε
1468 2054 1588 2102 aiunt

307 2128 531 2176 socculum
554 2145 750 2176 auratum
764 2165 778 2188 ,
792 2128 934 2176 immo
951 2145 1129 2176 aureum
1149 2127 1389 2192 margaritis
1407 2127 1583 2175 distinc-

306 2214 400 2249 tum
418 2234 431 2257 ‚
459 2201 685 2250 ostendere
716 2219 815 2249 eum
835 2202 1039 2250 voluiffe.
1057 2206 1116 2249 Ita
1145 2201 1351 2265 prorsus:
1382 2201 1486 2265 quid
1515 2199 1584 2248 hic

302 2278 668 2324 contumeliosum
697 2277 784 2334 est,
809 2276 840 2322 fi
868 2277 939 2324 vir
961 2277 1194 2324 consularis
1226 2291 1377 2321 aurum
1400 2285 1443 2321 et
1469 2290 1583 2320 mar-

306 2349 462 2412 garitas
490 2349 705 2397 osculatus
732 2349 821 2403 est3
852 2360 895 2396 et
927 2348 1123 2412 alioquin
1155 2347 1314 2406 nullam
1346 2358 1509 2409 partem
1535 2345 1583 2389 in

306 2439 500 2485 corpore
532 2425 623 2471 eius
663 2424 906 2481 elesturus,
942 2439 1070 2486 quam
1105 2421 1253 2484 purius
1287 2419 1583 2466 oscularetur?

305 2497 459 2546 Homo
472 2509 594 2546 natus
611 2497 657 2546 in
672 2497 761 2548 hoc
776 2529 789 2555 ,
809 2511 859 2546 ut
878 2512 1024 2545 mores
1040 2495 1197 2545 liberae
1213 2492 1400 2544 civitatis
1416 2491 1583 2542 Persica
