1742 2967
363 148 465 227 DE
519 179 965 226 BENEF1CI1S
1020 182 1253 229 LIB.1V.
1358 200 1448 229 221

167 303 265 334 rum
295 284 485 350 impetus
502 286 664 342 arcuit,
691 286 896 333 senectuti
916 287 1175 336 adminicula
1200 290 1450 352 prospexit,

168 362 317 411 solatia
337 377 489 409 contra
520 362 697 408 dolores
730 363 852 409 dedit
878 362 1015 410 :haec
1046 363 1184 412 fortes
1214 381 1293 412 nos
1318 365 1452 422 facit;

169 437 292 500 quod
321 437 421 484 licet
449 447 604 483 contra
636 435 858 483 fortunam
890 437 1127 486 advocare.
1154 440 1279 486 Hanc
1310 440 1448 487 tolle:

171 524 216 558 et
247 510 455 558 unitatem
495 510 667 573 generis
700 510 910 567 humani,
946 528 1031 573 qua
1065 513 1155 559 vita
1192 512 1453 572 sustinetur,

170 584 351 632 scindes.
384 583 559 631 tolletur
592 596 759 639 autem,
792 584 822 629 fi
850 584 1037 644 efficies,
1062 598 1106 632 ut
1136 585 1326 650 ingratus
1355 588 1450 632 ani-

170 672 267 703 mus
293 672 384 702 non
415 673 493 718 per
518 657 560 702 se
591 654 794 704 vitandus
823 658 900 711 sit,
931 657 1000 703 sed
1032 657 1134 720 quia
1159 659 1274 705 aliud
1301 659 1360 705 illi
1391 658 1452 704 ti-

172 729 382 777 mendum
407 729 481 776 est.
502 731 649 790 Quam
679 730 805 777 multi
835 729 931 776 sunt
956 730 1070 776 enirn
1087 766 1100 788 ,
1121 732 1278 793 quibus
1305 731 1452 794 ingra-

174 800 230 848 tis
253 800 338 848 effe
359 816 457 849 tuto
475 801 606 849 licet?
625 802 837 867 Denique
857 803 1070 866 ingratum
1095 820 1213 852 voco
1229 839 1243 863 ,
1262 804 1457 869 quisquis

172 886 292 921 metu
321 886 465 938 gratus
491 874 565 922 est.

239 949 367 995 XlX.
402 949 530 996 Deos
564 964 698 997 nemo
733 948 854 996 sanus
887 948 1026 996 timet.
1076 952 1213 996 Furor
1244 949 1304 997 est
1337 950 1454 998 enim

172 1037 371 1069 metuere
399 1020 595 1068 salutaria
617 1040 627 1067 :
650 1038 731 1068 nec
756 1022 983 1086 quisquam
1006 1035 1121 1068 amat
1136 1057 1149 1080 ‚
1183 1039 1294 1086 quos
1316 1024 1461 1071 timet.

172 1096 247 1142 Tu
278 1094 494 1158 denique,
528 1095 742 1159 Epicure,
778 1097 929 1144 Deum
959 1097 1169 1144 inermem
1197 1096 1325 1144 facis:
1353 1113 1454 1144 om-

173 1169 245 1216 nia
264 1169 324 1215 illi
347 1170 454 1225 tela,
477 1186 656 1217 omnem
686 1169 906 1218 detraxisti
930 1171 1201 1233 potentiam;
1228 1183 1270 1218 et
1288 1188 1341 1218 ne
1359 1171 1454 1218 cui-

173 1259 306 1305 quam
326 1243 585 1290 metuendus
601 1242 725 1303 esset,
744 1243 967 1307 proiecisti
984 1244 1102 1290 illum
1123 1260 1245 1291 extra
1264 1257 1453 1292 motum.

174 1317 306 1364 Hunc
324 1316 454 1380 igitur
470 1317 682 1380 inseptum
700 1316 866 1381 ingenti
885 1318 1078 1381 quodam
1095 1330 1138 1363 et
1157 1316 1452 1380 inexplicabili

176 1407 308 1437 muro
323 1422 337 1446 ,
367 1389 644 1454 divisumque
666 1407 690 1437 a
722 1391 927 1438 contactu
945 1405 990 1438 et
1013 1407 1037 1437 a
1059 1390 1295 1453 conspeElu
1325 1407 1455 1437 mor-

175 1461 352 1520 talium,
373 1478 464 1509 non
487 1460 620 1508 habes
640 1478 773 1525 quare
799 1461 990 1511 verearis
1008 1479 1019 1508 :
1041 1461 1156 1508 nulla
1179 1462 1242 1508 illi
1273 1479 1354 1510 nec
1373 1462 1453 1509 tri-

177 1535 366 1592 buendi,
395 1551 476 1582 nec
510 1535 701 1581 nocendi
727 1535 907 1582 materia
940 1533 1015 1583 est.
1044 1537 1093 1581 In
1129 1535 1280 1582 medio
1315 1535 1454 1582 inter'-

178 1607 300 1656 vallo
326 1607 452 1654 huius
479 1621 523 1654 et
556 1607 728 1655 alterius
753 1608 867 1656 coeli
892 1607 1109 1665 desertus,
1135 1607 1223 1654 fine
1249 1607 1456 1663 animali,

179 1680 269 1727 fine
303 1680 485 1728 homine
506 1716 519 1737 ,
552 1679 639 1729 fine
671 1698 718 1728 re
738 1716 752 1738 ,
782 1681 928 1729 ruinas
961 1681 1229 1728 mundorum
1265 1680 1390 1744 supra
1418 1681 1461 1728 se

179 1753 385 1817 circaque
412 1752 455 1801 se
481 1753 731 1802 cadentium
758 1753 917 1813 evitat,
946 1770 1040 1800 non
1065 1752 1300 1800 exaudiens
1328 1768 1461 1812 vota,

180 1845 265 1875 nec
290 1827 428 1875 nostri
451 1827 661 1876 curiosus,
694 1827 827 1890 Atqui
854 1829 972 1877 hunc
1005 1827 1071 1875 vis
1111 1827 1254 1875 videri
1282 1827 1428 1874 colere
1445 1862 1460 1885 ‚

182 1918 275 1949 non
307 1902 428 1950 aliter
455 1919 588 1967 quam
616 1916 840 1965 parentem
861 1920 872 1948 ε
891 1913 1042 1965 grato,
1071 1914 1119 1948 ut
1154 1901 1341 1965 opinor,
1366 1900 1461 1947 ani-

181 1990 294 2021 mo:
320 1989 394 2021 aut
421 1973 451 2020 fi
479 1990 570 2020 non
599 1973 667 2021 vis
688 1973 831 2021 videri
862 1986 1030 2036 gratus,
1056 1972 1159 2036 quia
1192 1971 1359 2018 nullum
1385 1972 1464 2016 ha-

183 2047 261 2097 bes
295 2047 408 2095 illius
442 2045 705 2095 beneficium
725 2082 738 2105 ,
770 2046 842 2093 sed
873 2061 917 2094 te
949 2045 1085 2091 atomi
1122 2057 1165 2092 et
1190 2044 1292 2091 istae
1322 2045 1463 2090 micae

184 2132 285 2166 tuae
319 2118 436 2166 forte
475 2135 526 2166 ac
558 2130 721 2165 temere
754 2117 1167 2181 conglobaverunt‚
1198 2134 1275 2163 cur
1311 2115 1460 2162 colis?

185 2197 375 2257 Proptei‘
404 2193 669 2241 maiestatem
687 2229 700 2250 ,
727 2193 896 2256 inquis,
926 2193 1016 2240 eius
1051 2191 1255 2240 eximiam
1274 2228 1286 2247 ‚
1317 2191 1463 2253 fingu-

185 2269 410 2332 laremque
441 2280 656 2314 naturam.
693 2269 757 2314 Ut
789 2268 1029 2314 concedam
1056 2267 1165 2314 tibi:
1194 2282 1350 2327 nempe
1375 2265 1463 2309 hoc

186 2342 293 2388 facis
319 2342 435 2388 nulla
455 2340 556 2403 spe,
589 2340 711 2387 nullo
737 2339 881 2402 pretio
902 2338 1116 2387 inductus.
1150 2338 1222 2385 Est
1251 2353 1359 2400 ergo
1384 2335 1464 2383 ali-

187 2415 296 2476 quid
327 2431 404 2476 per
432 2414 474 2460 se
497 2413 790 2476 expetendum
806 2447 819 2468 ,
847 2411 971 2459 cuius
993 2423 1034 2458 te
1058 2411 1146 2474 ipsa
1172 2410 1354 2474 dignitas
1382 2409 1466 2455 du-

188 2491 250 2537 cit
287 2507 298 2535 :
328 2489 372 2536 id
399 2488 459 2535 cst
489 2488 731 2535 honestum.
779 2486 901 2548 Quid
936 2485 997 2533 est
1033 2498 1177 2532 autem
1212 2481 1467 2539 honestius,
