1742 2967
284 201 374 243 104
539 186 588 233 L.
629 185 923 233 ΑΝΝΑΕΙ
966 187 1309 236 SENECAE

275 306 375 339 nata
394 290 468 340 est.
489 293 609 341 Haec
630 294 744 357 apud
768 294 1008 358 sapientem
1029 312 1113 343 nec
1138 313 1330 360 unquam
1351 296 1396 344 in
1413 307 1563 362 turpes*

274 365 573 431 indignosque
595 368 854 430 impingitur
871 404 885 426 ‚
915 386 996 416 nec
1022 386 1216 433 unquam
1244 372 1303 418 ita
1332 372 1564 437 defatigata

273 454 416 498 errat,
443 453 491 486 ut
518 457 610 487 non
636 442 841 503 quotiens
872 442 1055 506 dignum
1079 441 1479 509 invenerit,'quafi
1506 463 1562 493 ex

272 513 406 575 pleno
430 513 548 561 fluat,
570 517 675 561 Non
696 515 757 561 est
776 531 885 579 ergo
901 518 1026 578 quod
1047 533 1275 581 perperam
1301 521 1559 581 exaudiatis,

273 606 385 652 quae
415 590 620 648 honeste,
650 591 846 648 fortiter,
876 591 1098 650 animose,
1121 609 1144 639 a
1164 592 1364 640 studiosis
1387 594 1560 656 sapien-

272 663 358 715 tiae
390 664 595 712 dicuntur
619 683 630 712 :
657 678 701 712 et
726 666 814 713 hoc
838 666 1031 729 primum
1059 667 1278 714 attendite.
1309 668 1445 714 Aliud
1471 668 1561 727 est,

271 736 486 785 studiosus
514 738 774 801 sapientiae:
809 739 945 797 aliud,
974 739 1058 785 iam
1088 741 1268 802 adeptus
1291 741 1560 803 sapientiam.

270 811 346 858 llle
365 812 445 858 tibi
468 814 583 859 dicet
602 832 612 859 ε
631 814 815 876 Optime
839 814 1033 876 loquor,
1060 813 1131 860 sed
1156 814 1298 861 adhuc
1318 814 1431 862 inter
1449 816 1560 863 mala

269 886 454 934 'volutor
486 887 682 949 plurima.
717 889 823 934 Non
853 887 938 943 est,
970 887 1093 951 quod
1126 904 1196 933 me
1232 888 1285 932 ad
1317 886 1559 935 formulam

269 975 412 1005 meam
436 961 610 1023 exigas:
644 979 745 1008 cum
774 962 965 1008 maxime
992 960 1111 1007 facio
1135 977 1206 1007 me
1231 972 1274 1007 et
1306 959 1460 1007 formo
1478 999 1490 1020 ‚
1518 974 1562 1010 et

269 1031 324 1076 ad
351 1033 575 1094 exemplar
602 1031 753 1096 ingens
777 1032 948 1077 attollo.
977 1030 1007 1076 fi
1036 1030 1313 1093 processero,
1339 1045 1557 1092 quantum

267 1101 480 1164 proposui
495 1104 678 1168 ‚lexige3
698 1120 746 1151 ut
773 1104 897 1150 diuis
915 1104 1025 1151 faEta
1050 1103 1357 1166 respondeant.
1381 1105 1555 1152 Affecti»

268 1184 335 1220 tus
356 1192 464 1222 vero
488 1177 667 1223 humani
700 1176 807 1223 boni
838 1177 1048 1223 summam
1064 1211 1077 1232 ,
1107 1175 1230 1221 aliter
1257 1188 1404 1222 tecum
1429 1189 1554 1240 aget,

267 1260 312 1294 et
343 1248 485 1295 dicet:
513 1251 709 1297 Primum
729 1242 856 1307 {non
881 1249 943 1296 est
960 1286 972 1306 ,
995 1251 1118 1311 quod
1148 1250 1228 1295 tibi
1255 1250 1480 1312 permittas
1501 1252 1553 1298 de

266 1319 523 1368 melioribus
542 1322 657 1368 ferre
676 1322 946 1368 sententiam.
959 1322 1068 1368 mihi
1081 1322 1164 1367 iam
1181 1323 1304 1385 quod
1320 1339 1552 1386 argumen-

264 1403 357 1440 tum
391 1395 451 1442 est
474 1396 577 1445 recti
604 1397 790 1461 contigit
808 1432 822 1454 ,
853 1395 973 1443 malis
1003 1396 1247 1458 displicere.
1281 1396 1365 1443 Sed
1395 1409 1442 1442 ut
1472 1398 1550 1444 tibi

264 1466 479 1512 rationem
512 1468 719 1523 reddam,
753 1485 882 1531 quam
918 1468 1021 1513 nulli
1053 1467 1305 1513 mortalium
1338 1467 1551 1524 invideo,

263 1538 361 1583 audi
395 1540 500 1600 quid
526 1542 778 1603 promittam
796 1577 810 1598 ‚
844 1556 887 1588 et
909 1541 1059 1604 quanti
1081 1558 1282 1604 quaeque
1313 1541 1551 1591 aestimem.

262 1610 460 1659 Divitias
485 1630 598 1675 nego
619 1614 787 1660 bonum
815 1614 901 1661 esse
921 1632 930 1657 ε
954 1631 1052 1660 nam
1071 1614 1101 1659 si
1126 1614 1289 1669 essent,
1320 1614 1465 1661 bonos
1488 1614 1551 1661 fa-

261 1696 422 1730 cerent.
449 1703 566 1732 nunc
587 1686 794 1748 quoniam
817 1688 940 1750 quod
958 1687 1074 1749 apud
1094 1687 1233 1733 malos
1256 1687 1548 1750 deprehendi-

261 1768 357 1814 tur,
387 1758 474 1805 dici
498 1759 666 1805 bonum
690 1776 777 1805 non
806 1761 979 1821 potest;
1004 1761 1091 1806 hoc
1115 1760 1197 1807 illis
1221 1777 1387 1806 nomen
1419 1778 1549 1824 nego.

259 1843 452 1878 ceterum
474 1844 516 1878 et
534 1834 754 1880 habendas
781 1833 889 1888 effe,
915 1846 959 1880 et
979 1835 1131 1892 utiles,
1161 1846 1203 1879 et
1230 1851 1387 1897 magna
1420 1851 1547 1880 corn-

259 1905 392 1953 moda
415 1906 530 1951 vitae
555 1906 805 1962 afferentes,
834 1907 988 1954 fateor.

324 1977 478 2022 XXV.
498 1980 621 2039 Quid
646 1997 755 2042 ergo
774 1980 863 2026 cst?
885 1996 1020 2042 quare
1037 1980 1125 2026 illas
1146 1996 1235 2025 non
1257 1978 1302 2026 in
1320 1979 1449 2026 bonis
1469 1997 1548 2026 nuv-

258 2066 424 2096 merem
441 2086 453 2107 ‚
487 2063 528 2096 et
558 2052 659 2112 quid
693 2054 737 2097 in
765 2052 846 2099 illis
866 2050 1078 2115 praestem
1101 2051 1246 2108 aliud,
1272 2069 1404 2116 quam
1436 2068 1545 2110 vos,

257 2122 468 2181 quoniam
499 2124 612 2168 inter
642 2136 852 2186 utrosque
875 2123 1088 2171 convenit
1107 2123 1354 2178 habendas,
1386 2123 1544 2172 audite.

255 2197 377 2242 Pone
394 2197 438 2242 in
454 2197 774 2259 opulentiffima
798 2214 870 2244 me
889 2198 1051 2255 domo,
1072 2213 1190 2260 pone
1203 2198 1280 2242 ubi
1301 2213 1453 2243 aurum
1477 2213 1545 2242 ar-

254 2282 524 2332 gentumque
539 2269 582 2314 in
603 2270 857 2333 promiscuo
870 2270 947 2316 usu
962 2271 1030 2316 fit:
1048 2286 1140 2316 non
1155 2269 1383 2333 suspiciam
1399 2285 1469 2315 me
1482 2270 1543 2316 ob

252 2339 357 2398 ista9
389 2359 498 2404 quae
518 2342 649 2390 etiam
684 2339 713 2388 fi
741 2345 857 2406 apud
888 2361 987 2402 me,
1016 2356 1141 2391 extra
1166 2360 1236 2391 me
1266 2356 1410 2390 tamen
1433 2343 1542 2389 sunt.

253 2419 302 2462 In
335 2417 560 2465 sublicium
596 2431 775 2481 pontem
805 2435 874 2464 me
899 2417 1113 2475 transfer,
1149 2429 1191 2464 et
1225 2417 1338 2463 inter
1365 2429 1541 2479 egentes

251 2488 421 2542 abiice:
444 2507 536 2541 non
560 2491 664 2540 ideo
683 2502 827 2544 tamen
851 2507 922 2542 me
942 2490 1175 2557 despiciam
1190 2523 1205 2547 ,
1234 2488 1358 2557 quod
1377 2488 1422 2536 in
1441 2487 1542 2537 illo-2·
