1742 2967
371 242 457 287 126
624 242 671 288 L.
721 242 1008 289 ANNAEI
1057 244 1407 292 SENECAE

366 347 464 396 sero
492 348 746 412 querimur:
773 348 850 395 ista
875 349 991 397 enim
1025 350 1240 413 perierant
1257 387 1271 410 ,
1296 369 1396 399 cum
1423 352 1643 403 darentur.

339 460 345 478 f
364 422 461 468 Nec
479 420 639 468 mirum
660 421 749 479 est,
768 422 880 468 inter
897 421 1083 485 plurima
1108 422 1386 486 maximaque
1415 424 1521 471 vitia
1547 426 1642 472 nul-

362 491 455 539 lum
482 492 569 541 effe
595 492 897 555 frequentius,
931 509 1062 556 quam
1093 493 1250 558 ingrati
1278 495 1424 541 animi.
1461 497 1507 541 Id
1534 513 1640 543 eve-

362 564 457 611 nire
483 581 540 611 ex
563 564 757 627 pluribus
778 562 911 612 causis
939 564 1088 613 video,
1115 567 1255 628 prima
1271 601 1284 622 ‚
1314 567 1436 628 quod
1455 566 1545 614 non
1566 569 1643 615 eli-

363 636 507 700 gimus
540 637 722 701 dignos,
752 638 911 701 quibus
939 638 1212 687 tribuamus:
1235 639 1306 686 sed
1335 641 1517 688 nomina
1545 641 1640 690 fac-

361 708 447 755 turi
463 740 477 763 ,
505 708 732 773 diligenter
751 709 797 756 in
823 708 1135 772 patrimonium
1155 723 1199 758 et
1226 713 1326 758 vasa
1350 711 1561 760 debitoris
1579 713 1641 760 in-

361 781 605 843 quirimus:
638 781 798 829 semina
824 782 869 827 in
900 781 1036 828 solum
1071 783 1282 831 effoetum
1309 796 1351 831 et
1380 785 1518 832 sterile
1547 803 1640 833 non

360 850 629 919 spargimus:
656 853 866 902 beneficia
898 855 985 903 fine
1015 856 1105 902 ullo
1137 856 1304 904 deleclu
1335 860 1469 922 magis
1498 858 1638 921 proii-

360 928 526 984 cimus‚
552 946 682 992 quarn
699 931 863 977 damus.
891 929 986 977 Nec
1005 929 1128 977 facile
1155 929 1361 987 dixerim,
1382 946 1528 979 utrum
1546 946 1637 977 tur-

359 1002 458 1064 pius
486 1002 535 1048 {it
569 1001 774 1059 infitiari,
805 1019 859 1048 an
892 1014 1088 1064 repetere
1120 1001 1400 1050 beneficium.
1443 1003 1489 1049 id
1521 1004 1638 1050 enim

359 1077 492 1135 genus
509 1075 635 1122 huius
658 1075 810 1123 crediti
834 1074 921 1130 est,
948 1092 1003 1121 ex
1029 1093 1123 1138 quo
1147 1088 1315 1122 tantum
1337 1075 1636 1138 recipiendum

358 1148 432 1205 fit,
451 1159 662 1211 quantum
685 1148 802 1194 ultro
823 1147 1007 1195 refertur
1026 1165 1036 1194 :
1062 1148 1311 1210 decoquere
1340 1164 1451 1194 vero
1476 1148 1640 1194 foedis-

359 1218 512 1264 simum
540 1219 602 1264 ob
633 1220 720 1266 hoc
751 1219 920 1281 ipsum,
955 1217 1055 1281 quia
1092 1235 1182 1264 non
1214 1234 1326 1280 opus
1359 1219 1419 1266 est
1451 1219 1503 1264 ad
1531 1218 1639 1265 libe-

359 1291 540 1337 randum
567 1290 699 1338 fidem
726 1291 1026 1347 facultatibus,
1055 1291 1126 1338 sed
1147 1291 1309 1338 animo.
1347 1292 1492 1339 reddit
1521 1292 1637 1339 enim

358 1362 747 1426 beneficium5qui
768 1365 952 1411 libenter
978 1364 1121 1411 debet.
1152 1363 1235 1409 Sed
1264 1380 1362 1410 cum
1393 1362 1442 1410 fit
1471 1365 1514 1408 in
1539 1362 1637 1426 ipfis

357 1435 556 1493 crimen,
586 1436 660 1499 qui
694 1452 748 1482 ne
781 1436 1052 1484 confeffione
1080 1435 1259 1498 quidem
1293 1436 1400 1498 grati
1438 1436 1560 1493 sunt,
1589 1436 1634 1481 in

357 1508 485 1554 nobis
512 1525 690 1572 quoque
712 1508 784 1555 est.
812 1509 981 1555 Multos
1013 1508 1261 1571 experimur
1290 1508 1510 1571 ingratos,
1541 1509 1637 1569 plu-

357 1597 424 1627 res
448 1580 658 1628 facimus:
687 1581 790 1645 quia
817 1581 919 1628 alias
951 1597 1103 1644 graves
1132 1581 1474 1643 exprobratores
1505 1597 1635 1627 exac-

355 1666 562 1719 toresque
590 1654 757 1711 sumus;
775 1655 875 1701 alias
901 1655 1047 1711 leves,
1068 1666 1109 1699 et
1135 1670 1248 1715 quos
1271 1654 1401 1718 paulo
1425 1645 1636 1717 post'mu-

356 1728 470 1775 neris
494 1727 558 1774 sui
591 1727 846 1790 poeniteam
879 1728 980 1774 alias
1012 1726 1209 1789 queruli,
1241 1741 1284 1774 et
1323 1727 1504 1774 minima
1535 1743 1634 1773 mo·

355 1811 501 1846 menta
528 1800 852 1846 calumniantes.
884 1801 944 1845 lta
969 1799 1146 1862 gratiam
1172 1816 1351 1846 omnem
1386 1800 1636 1862 corrumpi-

356 1887 475 1918 mus:
505 1887 595 1917 non
622 1883 789 1917 tantum
813 1870 1043 1934 postquam
1075 1871 1272 1917 dedimus
1296 1870 1534 1929 beneficia,
1561 1871 1634 1917 sed

355 1945 459 1990 dum
493 1944 657 1990 damus.
696 1943 811 2003 Quis
846 1942 961 1988 enim
1005 1941 1201 1988 nostrum
1241 1955 1470 1991 contentus
1506 1942 1588 1989 fuit
1622 1978 1636 2001 ‚

355 2031 426 2064 aut
450 2017 606 2064 leviter
637 2016 813 2079 rogari,
843 2028 915 2061 aut
943 2015 1105 2061 semel?
1145 2014 1241 2077 quis
1272 2031 1391 2072 non,
1421 2032 1522 2061 cum
1550 2016 1634 2061 ali·

356 2090 460 2155 quid
476 2108 500 2136 a
518 2091 559 2138 se
578 2091 666 2154 peti
690 2090 921 2152 suspicatus
949 2089 1037 2145 est,
1066 2088 1258 2134 frontem
1283 2089 1467 2134 adduxit
1485 2124 1498 2146 ,
1530 2090 1632 2135 vul-

354 2180 445 2212 tum
476 2164 663 2221 avertit,
690 2162 1000 2225 occupationes
1024 2162 1264 2219 finitumst,
1294 2162 1435 2225 longis
1468 2162 1632 2208 sermo—

355 2238 479 2284 nibus
497 2273 511 2296 ,
539 2250 584 2284 et
618 2237 673 2284 de
706 2235 912 2282 industria
938 2249 1032 2281 non
1069 2234 1396 2282 invenientibus
1428 2235 1593 2282 exitum
1615 2269 1630 2293 ,

354 2308 632 2358 occasionem
667 2308 842 2371 petendi
868 2307 1064 2364 abstulit,
1101 2319 1145 2353 et
1175 2306 1304 2353 variis
1334 2306 1496 2353 artibus
1524 2322 1629 2368 pro-

284 2407 291 2416 ·
355 2397 553 2446 perantes
582 2380 845 2429 neceffitates
873 2380 1031 2427 elufit?
1066 2383 1114 2426 ln
1146 2378 1328 2442 angusto
1359 2395 1468 2425 vero
1504 2394 1629 2424 com-

355 2455 586 2517 prehensus
603 2491 616 2514 ,
644 2472 716 2503 aut
745 2455 906 2502 distulit
920 2490 936 2512 ,
965 2454 1012 2502 id
1040 2454 1129 2512 est,
1155 2454 1309 2500 timide
1333 2453 1530 2516 negavit,
1555 2464 1628 2499 aut

354 2529 582 2593 promitit3
613 2529 684 2578 sed
713 2529 975 2588 difficulter,
1007 2527 1080 2576 sed
1109 2527 1325 2576 subduffis
1354 2526 1592 2590 superciliis
1612 2561 1629 2584 ,
