1742 2967
431 171 546 242 m:
599 195 795 241 vtTA
847 192 1124 240 BEATA.
1339 210 1425 255 107

151 300 342 350 maxime
362 314 664 364 paupertatem
692 302 955 358 meditatur,
980 317 1081 348 cum
1106 299 1152 346 in
1181 299 1335 347 mediis
1365 300 1432 346 di-

151 375 268 424 vitiis
297 375 501 424 constitit.
534 377 773 440 Nunquam
802 377 1044 438 imperator
1071 376 1131 421 ita
1155 374 1251 437 paci
1278 375 1431 429 credit,

152 464 200 496 ut
234 466 327 496 non
351 449 393 496 se
426 462 651 512 praeparet
680 449 825 496 bello:
854 449 977 511 quod
1005 448 1168 495 etiamsi
1195 464 1287 494 non
1314 447 1430 510 ger}-

151 538 248 581 ων,
280 521 491 569 ἱηόἱᾶὶυηι
524 520 600 569 est.
642 524 740 568 Vos
777 523 935 568 domus
971 520 1195 577 formosa,
1225 532 1432 583 tanquam

153 611 232 642 nec
259 595 419 646 ardere
437 611 518 642 nec
543 610 670 640 ruere
697 594 855 656 poffit‚
884 592 1118 639 insolentes
1141 610 1153 639 :
1185 609 1268 639 vos
1298 607 1433 653 opes,

153 678 360 729 tanquam
392 665 637 729 periculum
668 681 803 711 omne
828 662 1199 718 transcenderint,
1230 662 1438 710 maiores-

154 753 239 798 que
264 735 344 782 fint
363 732 505 800 'quam
532 737 689 799 quibus
720 736 1026 784 consumendis
1052 735 1150 783 satis
1171 735 1334 782 virium
1362 734 1436 780 ha-

154 812 251 858 beat
279 810 483 866 fortuna,
518 809 880 874 obstupefaciant.
911 810 1055 857 Otiofi
1074 809 1238 857 divitiis
1256 809 1402 856 luditis
1419 843 1434 864 ,

156 899 236 930 nec
258 884 505 946 providetis
530 885 701 931 illarum
730 885 1000 947 periculum:
1022 882 1127 931 ficut
1151 883 1324 930 barbari
1340 883 1436 946 ple-

155 973 340 1019 rumque
367 956 548 1016 inclusi,
583 969 628 1003 et
663 957 802 1020 ignari
834 956 1166 1013 machinarum,
1195 955 1341 1018 segnes
1372 956 1437 1000 la-

156 1028 312 1076 borem
333 1029 623 1076 obsidentium
642 1030 853 1092 spestant‚
874 1046 954 1075 nec
972 1045 1064 1092 quo
1083 1027 1152 1073 illa
1173 1028 1436 1091 pertineant,

155 1119 268 1165 quae
302 1119 357 1148 ex
384 1102 632 1165 longinquo
655 1101 898 1157 struuntur,
924 1100 1182 1163 intelligunt.
1216 1100 1335 1146 Idem
1355 1116 1438 1146 vo-

156 1174 222 1218 bis
249 1173 410 1220 evenit.
436 1173 638 1219 marcetis
668 1173 713 1218 in
737 1173 889 1220 vestris
921 1173 1080 1220 rebus:
1109 1188 1190 1219 nec
1216 1170 1439 1234 cogitatis,

156 1260 268 1310 quot
293 1248 411 1295 casus
431 1247 624 1309 undique
641 1247 1116 1309 immineant,„iamque
1137 1245 1328 1308 pretiosa
1347 1245 1440 1307 spo·
1487 1286 1496 1294 ,

158 1320 215 1365 lia
239 1320 382 1366 laturi.
412 1318 824 1389 Sapientiihquisquis
853 1319 1072 1365 abstulerit
1105 1318 1278 1364 divitias
1296 1350 1310 1370 ,
1337 1333 1439 1363 om-
1498 1372 1514 1380 μ
1539 1346 1553 1355 .

160 1394 230 1440 nia
258 1393 328 1439 illi
357 1392 431 1439 sua
458 1393 673 1455 relinquet
697 1411 706 1439 ε
744 1393 861 1441 vivit
887 1392 1003 1438 enim
1033 1391 1328 1454 praesentibus
1353 1390 1440 1436 lae-

159 1479 253 1524 tus,
287 1464 425 1512 futuri
454 1464 642 1512 securus.
682 1466 800 1512 Nihil
830 1464 993 1527 magis,
1029 1464 1230 1509 Socrates
1266 1463 1407 1525 inquit
1427 1494 1442 1514 .,

160 1554 235 1586 aut
255 1539 407 1602 aliquis
432 1539 565 1595 alius,
595 1539 665 1586 cui
689 1539 806 1586 idem
835 1538 897 1584 ius
928 1537 1134 1584 adversus
1158 1536 1352 1582 humana
1379 1551 1443 1580 at-

163 1629 249 1675 que
274 1612 425 1658 eadem
448 1611 636 1674 potestas
661 1611 749 1669 est,
774 1610 959 1674 persuasi
991 1609 1128 1664 mihi,
1151 1625 1281 1671 quam
1313 1625 1365 1654 ne
1391 1609 1444 1653 ad

164 1685 399 1748 opiniones
425 1684 584 1732 vestras
610 1686 753 1731 aetum
785 1684 902 1730 vitae
935 1699 1055 1728 meae
1084 1681 1317 1727 fle&e1·em.
1361 1684 1445 1726 So·-

165 1759 237 1805 lita
257 1757 456 1805 conferte
473 1758 667 1820 undique
684 1758 845 1804 verba:
871 1771 962 1801 non
982 1754 1222 1801 conviciari
1255 1770 1338 1799 vos
1365 1771 1446 1815 pu-

168 1832 273 1878 tabo
288 1866 300 1887 ,
321 1831 393 1877 sed
417 1831 563 1894 vagire
584 1830 704 1877 velut
723 1829 906 1875 infantes
928 1826 1207 1873 miserrimos.
1241 1827 1362 1872 Haec
1383 1826 1450 1871 di*

168 1920 235 1952 cet
260 1905 354 1963 ille,
384 1904 454 1951 cui
483 1904 686 1966 sapientia
713 1902 926 1965 contigit:
946 1917 1076 1964 quem
1109 1898 1279 1945 animus
1309 1898 1445 1944 viti0«

169 1995 264 2025 rum
293 1978 499 2023 immunis
526 1978 750 2038 increpare
771 1976 878 2021 alios
896 2007 910 2029 ‚
939 1991 1029 2020 non
1053 1973 1152 2035 quia
1174 1973 1296 2029 odit3
1319 1972 1388 2018 secl
1406 1972 1447 2016 in

168 2051 412 2099 remedium
430 2087 442 2109 ‚
472 2050 605 2097 iubet.
640 2049 830 2097 Adiiciet
858 2049 923 2095 his
948 2048 1019 2093 illa
1044 2066 1053 2092 :
1082 2045 1355 2092 Existimatio
1381 2062 1451 2091 me

172 2125 311 2175 vestra
336 2142 429 2171 non
457 2141 559 2171 meo
592 2124 799 2179 nomine,
831 2123 903 2169 sed
937 2122 1084 2169 vestro
1117 2136 1287 2168 movet.
1313 2119 1450 2167 odisse

171 2209 213 2244 et
240 2197 441 2244 lacessere
469 2196 676 2244 virtutem
694 2232 706 2252 ‚
734 2196 876 2242 bonae
906 2193 996 2255 spei
1023 2192 1211 2239 eiuratio
1244 2191 1318 2237 est.
1340 2191 1451 2236 Nu}-

171 2273 256 2318 lam
288 2270 394 2316 mihi
424 2270 624 2316 iniuriam
652 2269 819 2324 facitis;
848 2269 955 2315 ficut
982 2285 1036 2313 ne
1067 2267 1149 2313 diis
1177 2266 1352 2328 quidem
1377 2263 1417 2308 hi
1439 2299 1452 2319 ,

173 2344 249 2407 qui
278 2359 370 2390 aras
397 2354 627 2390 evertunt:
659 2342 732 2388 sed
757 2342 917 2387 malum
947 2340 1222 2403 propositum
1253 2350 1454 2399 apparet,

172 2416 426 2477 malumque
452 2415 709 2472 confilium,
732 2415 859 2460 etiam
890 2414 966 2459 ubi
986 2428 1151 2459 nocere
1178 2426 1271 2456 non
1296 2410 1455 2472 potuit.

177 2491 250 2538 Sic
284 2488 440 2540 vestras
464 2487 823 2536 hallucinationes
849 2487 965 2548 fero,
990 2485 1367 2551 quemadmodum
1390 2486 1458 2530 lu-
