1742 2967
369 135 470 224 DE
518 173 968 221 BENEFICIIS
1023 174 1156 220 LIB.
1204 175 1256 222 Π.
1366 189 1460 237 ,149

237 283 332 330 Vll.
351 282 503 329 Fabius
524 280 803 328 Verrucosus
820 280 1082 328 beneficium
1101 282 1154 327 ab
1176 281 1356 328 homine
1376 283 1459 329 du-

176 371 230 402 ro
250 354 398 418 aspere
426 355 601 412 datum,
630 356 790 400 Panem
810 353 1054 416 lapidosum
1081 354 1298 409 vocabam
1329 371 1462 417 quem

173 426 379 474 esurienti
399 427 598 488 accipere
622 425 903 472 necessarium
923 425 995 481 sit3
1015 425 1121 482 effe,
1144 427 1364 473 acerbum.
1387 426 1462 485 'si-

173 498 318 546 berius
344 498 501 544 Caesar
527 514 704 561 rogatus
723 516 745 544 a
774 510 934 559 nepote
965 499 1027 544 M.
1055 498 1174 544 Allio
1204 498 1462 561 praetorio,

169 587 217 617 ut
247 572 336 617 aeri
357 571 502 617 alieno
528 570 620 617 eius
650 570 951 618 succurreret:
976 573 1104 618 edere
1129 571 1250 617 illum
1283 569 1358 617 fibi
1378 586 1458 616 no-

169 644 289 690 mina
322 645 594 691 creditorum
631 644 759 692 iufiit.
806 645 907 691 Hoc
941 661 1033 691 non
1066 644 1127 691 est
1160 645 1358 702 donare,
1387 644 1460 699 sed

169 718 410 764 creditores
442 734 709 764 convocare.
757 718 875 763 Cum
907 718 1024 764 edita
1057 716 1222 773 essent,
1259 715 1457 779 scripsit„

167 790 322 853 nepoti
349 789 504 837 iuffiffe
529 790 570 838 se
605 792 837 854 pecuniam
874 789 1001 838 solvi.
1030 791 1194 837 adiecta
1221 801 1456 837 contume-

167 863 275 910 liosa
311 864 644 921 admonitione,
672 864 843 922 effecit,
867 878 916 910 ut
944 881 1025 911 nec
1051 881 1121 911 aes
1148 865 1340 911 alienum
1375 864 1501 924 hag—v¹

166 937 312 995 beret,
344 955 424 985 nec
456 938 737 987 beneficium.
763 939 991 986 Liberavit
1019 939 1143 985 illurn
1169 955 1193 985 a
1224 929 1457 989 creditori-

167 1012 270 1069 bus,
295 1011 373 1057 sibi
391 1028 481 1057 non
500 1012 728 1074 obligavit.
762 1012 940 1076 Aliquid
960 1013 1165 1059 Tiberius
1187 1013 1358 1060 secutus
1380 1012 1456 1059 est.

155 1102 279 1149 -puto
310 1085 453 1132 noluit
479 1086 623 1146 plures
649 1084 763 1140 effe,
793 1085 867 1148 qui
892 1084 1009 1131 idem
1042 1084 1240 1146 rogaturi
1267 1101 1454 1132 concur-

169 1174 328 1205 rerent.
361 1158 440 1205 Ista
466 1158 641 1206 fortasse
661 1159 813 1206 efficax
837 1158 949 1205 ratio
973 1157 1127 1214 fuerit,
1151 1159 1204 1203 ad
1223 1158 1455 1205 hominum

166 1231 394 1293 improbas
418 1231 677 1292 cupiditates
710 1232 881 1294 pudore
914 1231 1214 1293 reprimendas
1243 1248 1253 1277 :
1285 1229 1457 1277 benefi⁴

168 1304 286 1350 cium
314 1320 426 1351 vero
447 1303 591 1359 danti,
617 1316 709 1350 tota
727 1304 806 1349 alia
832 1303 1046 1365 sequenda
1072 1301 1133 1349 est
1165 1303 1250 1349 via.

224 1377 343 1422 vlu.
384 1375 524 1422 Omni
551 1393 709 1438 genere
734 1377 860 1440 quod
889 1377 989 1431 des,
1020 1392 1114 1438 quo
1139 1374 1187 1420 sit
1210 1374 1450 1437 acceptius,

150 1447 466 1494 adornandum
487 1445 560 1493 est.
579 1448 682 1494 Hoc
701 1464 812 1494 vero
838 1464 930 1494 non
952 1446 1013 1494 est
1036 1445 1298 1494 beneficium
1322 1447 1453 1504 dare,

163 1520 492 1582 deprehendere
521 1519 596 1567 est.
640 1522 695 1566 Et
728 1532 775 1567 ut
805 1521 850 1567 in
877 1521 1050 1567 transitu
1080 1521 1134 1566 de
1162 1521 1242 1566 hac
1269 1535 1452 1583 quoque

162 1604 283 1655 parte
311 1593 453 1639 dicam
481 1593 588 1655 quid
611 1593 815 1651 sentiam,
842 1610 897 1640 ne
920 1593 1116 1656 principi
1140 1593 1317 1656 quidem
1348 1594 1449 1641 satis

161 1666 374 1710 decorum
402 1663 488 1718 est,
508 1665 675 1711 donare
702 1665 968 1728 ignominiae
995 1667 1130 1712 causa.
1161 1664 1355 1713 Tametsi
1376 1666 1448 1713 in-

148 1736 460 1799 quietudinem
483 1736 690 1783 Tiberius
705 1773 718 1794 ,
743 1754 824 1784 nec
847 1738 932 1783 hoc
956 1738 1138 1801 quidem
1165 1739 1304 1785 modo
1323 1769 1337 1792 ‚
1353 1755 1446 1801 quo

148 1810 365 1872 putabat,
399 1811 544 1872 ffotuit
571 1808 779 1873 effugere.
815 1811 932 1857 Nam
964 1812 1134 1874 aliquot
1164 1811 1338 1874 postea,
1369 1811 1446 1875 qui

158 1885 276 1931 idem
298 1901 533 1948 rogarent,
559 1884 731 1932 inventi
760 1886 870 1934 sunt.
895 1903 1011 1950 quos
1031 1902 1186 1933 omnes
1212 1886 1325 1934 iussit
1345 1889 1446 1934 red-

157 1957 259 2002 dere
291 1957 336 2002 in
367 1957 515 2003 senatu
541 1957 650 2003 aeris
676 1957 806 2004 alieni
835 1958 979 2005 causas
997 1993 1014 2016 ‚
1041 1972 1085 2004 et
1113 1958 1172 2004 ita
1197 1958 1279 2005 illis
1307 1972 1446 2007 certas

157 2030 343 2076 summas
371 2030 504 2076 dedit.
531 2032 637 2076 Non
661 2029 721 2075 est
740 2030 850 2076 illud
868 2030 1123 2086 liberalitas3
1149 2031 1325 2077 censura
1345 2030 1406 2078 est
1429 2050 1448 2079 a

157 2120 248 2149 non
277 2102 483 2149 auxilium
515 2101 603 2158 est3
638 2103 882 2165 principale
915 2103 1127 2150 tributum
1157 2103 1232 2151 est.
1271 2103 1446 2151 Benefi-

157 2179 275 2222 cium
300 2192 389 2221 non
409 2175 471 2222 est
488 2207 501 2230 ‚
533 2175 657 2221 cuius
680 2174 765 2221 {ine
785 2176 949 2223 rubore
967 2176 1211 2223 meminisse
1231 2193 1321 2222 non
1341 2176 1446 2239 pos·

155 2251 262 2297 sum.
296 2251 361 2296 Ad
383 2251 578 2297 iudicem
608 2250 757 2296 missus
784 2249 895 2298 sum.
930 2264 978 2298 ut
1006 2251 1317 2314 impetrarem,
1338 2267 1446 2298 cau-

156 2323 242 2370 sam
274 2322 376 2368 dixi.

223 2398 301 2443 IX.
329 2393 604 2457 Praecipiunt
632 2394 777 2457 itaque
797 2409 952 2440 omnes
971 2394 1168 2442 auctores
1189 2392 1447 2456 sapientiae,

154 2471 368 2535 quaedam
400 2466 612 2523 beneficia
642 2471 783 2532 palam
816 2467 990 2527 danda,
1013 2467 1226 2532 quaedam
1255 2467 1442 2517 secreto.

1076 2533 1182 2594 K}
