1742 2967
321 243 416 288 140
558 228 605 279 L.
650 228 956 275 ΑΝΝΑΕι
1007 228 1387 275 SENECAE

317 346 361 381 et
381 332 584 380 oblivisci
605 333 665 380 sui
696 348 787 379 non
814 332 935 388 sinit,
957 332 1028 378 sed
1050 334 1270 378 auftorem
1298 332 1418 378 suum
1439 331 1601 394 ingerit

313 418 358 453 et
392 406 590 453 inculcat.
626 409 692 451 Eo
720 405 897 468 quidem
921 405 1058 468 magis
1084 404 1284 452 duratura
1312 421 1598 468 quaeramus,

313 479 417 542 quia
448 496 669 542 nunquam
697 480 936 524 admonere
965 478 1200 524 debemus:
1219 478 1332 540 ipsae
1354 495 1418 524 res
1435 495 1600 525 evane-

312 551 507 598 scentem
541 550 803 596 memoriam
836 550 1041 595 excitent.
1065 547 1290 594 Libentius
1318 548 1495 594 donabo
1528 565 1601 594 ar-

312 638 495 688 gentum
528 623 717 681 faiium,
744 640 874 685 quam
909 623 1153 687 signatum:
1183 622 1385 669 libentius
1413 621 1565 669 statuas
1585 657 1601 679 ‚

313 715 447 762 quam
485 695 648 747 veste'm
666 734 678 753 ,
713 709 755 744 et
787 698 910 762 quod
945 697 1044 744 usus
1078 698 1225 744 brevis
1254 697 1432 743 deterat.
1465 695 1599 758 Apud

312 788 477 833 paucos
492 771 590 833 post
604 787 695 817 rem
715 783 862 818 manet
880 771 1036 834 gratia:
1053 771 1197 834 plures
1215 768 1335 822 sunt,
1351 769 1468 831 apud
1487 784 1601 832 quos

309 862 404 892 non
427 845 588 891 diutius
603 845 648 890 in
668 844 816 890 animo
837 843 930 892 sunt
950 844 1111 891 donata
1127 878 1141 897 ‚
1161 859 1292 906 quam
1313 843 1356 888 in
1375 841 1464 887 usu.
1485 845 1602 904 Ergo

312 917 344 964 fi
368 917 461 964 fieri
485 918 656 979 potest,
693 916 893 964 consumi
918 934 1076 963 munus
1105 933 1248 962 meum
1278 916 1411 962 nolo:
1432 915 1568 962 exstet
1585 947 1602 969 ‚

310 991 489 1037 haereat
508 991 653 1037 amico
679 1007 801 1045 meo,
828 991 1054 1037 convivat.
1076 992 1223 1036 Nemo
1241 1004 1328 1035 tam
1350 988 1602 1045 stultus'est,

312 1076 364 1110 ut
394 1064 639 1110 monendus
661 1065 734 1121 fit,
754 1081 808 1111 ne
837 1064 908 1111 cui
929 1065 1192 1127 gladiatores
1217 1076 1290 1110 aut
1318 1064 1603 1110 venationem

310 1136 401 1183 iam
419 1152 602 1182 munere
621 1136 742 1182 edito
762 1135 905 1181 mittat
920 1172 935 1192 ‚
963 1150 1007 1182 et
1031 1137 1287 1182 vestimenta
1311 1135 1472 1182 aestiva
1494 1137 1602 1182 bru-

313 1227 409 1265 ma,
430 1210 610 1274 hiberna
635 1210 833 1257 solstitio.
854 1212 916 1257 Sit
934 1211 977 1257 in
997 1210 1213 1276 beneficio
1235 1211 1378 1258 sensus
1396 1227 1604 1257 commu-

313 1283 407 1340 nis,
432 1296 635 1345 tempus,
663 1273 841 1342 locum,
871 1285 1078 1347 personas
1105 1286 1310 1331 observet
1335 1301 1346 1329 :
1374 1283 1474 1346 quia
1500 1300 1604 1330 mo-

315 1357 477 1404 mentis
496 1359 711 1420 quaedam
729 1369 847 1421 grata
864 1370 908 1404 et
929 1359 1096 1422 ingrata
1115 1357 1223 1404 sunt.
1241 1359 1425 1416 Quanto
1446 1373 1604 1419 accep-

315 1429 400 1475 tius
424 1429 514 1485 est,
540 1429 568 1474 si
601 1429 646 1475 id
675 1429 854 1486 damus,
882 1428 1005 1491 quod
1034 1428 1132 1491 quis
1157 1443 1247 1473 non
1275 1427 1431 1483 habet,
1470 1443 1606 1489 quam

315 1500 441 1548 cuius
466 1501 596 1563 copia
621 1500 844 1547 abundat?
873 1501 998 1563 quod
1029 1501 1103 1546 diu
1134 1500 1330 1562 quaerit,
1361 1516 1441 1545 nec
1471 1500 1602 1546 inve-

317 1573 407 1631 nit,
424 1590 554 1636 quam
578 1573 703 1635 quod
723 1572 887 1635 ubique
904 1572 1073 1618 visurus
1093 1571 1178 1618 est?
1198 1574 1382 1616 Munera
1401 1587 1492 1616 non
1515 1584 1602 1617 tam

318 1644 533 1708 pretiosa,
551 1661 681 1707 quam
700 1661 793 1689 rara
811 1656 852 1689 et
865 1643 1074 1706 exquisita
1095 1645 1194 1701 sint,
1214 1660 1324 1705 quae
1339 1643 1471 1688 etiam
1489 1643 1605 1705 apud
1637 1648 1648 1681 -’

316 1719 504 1766 divitem
532 1718 594 1764 sui
613 1718 763 1765 locum
782 1717 969 1764 faciant:
999 1717 1102 1764 sicut
1122 1717 1306 1780 gregalia
1325 1733 1505 1779 quoque
1525 1733 1607 1777 po·

319 1809 391 1839 ma
407 1828 420 1851 ,
441 1793 570 1839 etiam
598 1792 695 1855 post
715 1808 881 1854 paucos
909 1792 1001 1838 dies
1029 1792 1140 1836 itura
1160 1789 1204 1835 in
1226 1789 1440 1834 fastidium
1458 1824 1472 1846 ‚
1489 1789 1606 1835 dele-

319 1867 439 1913 &ant
455 1901 469 1923 ‚
493 1866 523 1911 si
548 1882 795 1929 provenere
823 1866 1044 1911 maturius.
1066 1863 1138 1909 Illa
1157 1878 1338 1925 quoque
1359 1877 1448 1906 non
1478 1872 1606 1906 erunt

318 1937 407 1984 fine
431 1939 630 1995 honore,
648 1953 761 2000 quae
787 1950 860 1982 aut
885 1951 1021 1983 nemo
1039 1935 1120 1981 illis
1137 1935 1243 1980 alius
1265 1933 1411 1988 dedit,
1434 1945 1506 1978 aut
1524 1949 1607 1979 nos

317 2012 426 2057 nulli
456 2011 544 2058 alii.

388 2085 506 2131 X111.
527 2084 779 2131 Alexandro
801 2082 1067 2140 Macedoni,
1093 2098 1193 2128 cum
1215 2081 1363 2127 vietor
1388 2079 1605 2136 Orientis,

318 2158 492 2205 animos
511 2156 637 2219 supra
660 2157 847 2203 humana
873 2155 1073 2213 tolleret,
1099 2153 1328 2201 Corinthii
1347 2170 1425 2216 per
1441 2154 1607 2217 legatos

319 2228 521 2292 gratulati
544 2229 640 2275 sunt
656 2261 670 2284 ‚
690 2244 733 2276 et
754 2231 929 2276 civitate
947 2229 1067 2275 illum
1087 2229 1156 2276 sua
1175 2229 1464 2275 donaverunt.
1487 2228 1605 2272 Cum

318 2300 472 2350 risifl'et
489 2303 730 2350 Alexander
748 2303 835 2350 hoc
866 2302 999 2348 officii
1021 2319 1153 2366 genus
1169 2337 1182 2359 ‚
1211 2319 1323 2349 unus
1343 2318 1397 2347 ex
1424 2299 1573 2362 legatia
1593 2334 1608 2358 ‚

319 2374 471 2433 Nulli,
490 2374 657 2438 inquit,
685 2376 908 2422 civitatem
934 2393 1124 2438 unquam
1146 2376 1342 2422 dedimus
1360 2373 1455 2430 alii,
1471 2389 1607 2436 quam

321 2447 399 2493 tibi
418 2460 461 2494 et
481 2448 676 2494 Herculi.
692 2449 851 2495 Libens
865 2449 1034 2510 accepit
1054 2465 1142 2495 non
1165 2449 1347 2494 dilutum
1369 2447 1604 2499 honorem,

320 2531 365 2566 et
386 2519 552 2583 legatos
571 2520 829 2569 invitatione
850 2521 1018 2586 aliaque
1037 2520 1306 2567 humanitate
1322 2517 1606 2583 prosecutus,
