1742 2967
316 168 405 220 206
556 171 606 219 L.
660 135 952 218 AN'NAEI
1004 172 1362 221 SENECAE

312 281 430 344 pius,
452 296 582 344 quam
607 279 795 343 aliquem
820 293 1076 343 computare
1093 283 1241 344 quanti
1267 284 1337 330 vir
1354 283 1497 332 bonus
1516 278 1588 335 sitt

309 373 414 404 cum
439 356 579 403 virtus
610 371 691 402 nec
725 355 848 402 lucro
882 355 1067 414 invitet,
1102 374 1181 404 nec
1206 357 1437 405 absterreat
1466 361 1593 406 dam-

309 445 396 486 no,
417 430 618 491 adeoque
641 428 861 474 neminem
891 428 962 489 spe
986 446 1035 475 ac
1056 430 1371 491 pollicitatione
1389 447 1591 478 corrum-

309 515 412 565 pat,
436 516 483 548 ut
510 512 664 548 eontra
690 499 736 546 in
756 501 797 547 se
818 501 1076 561 impendere
1102 502 1271 560 iubeat,
1292 521 1341 550 ac
1360 505 1524 567 saepius
1543 506 1590 552 in

310 573 624 622 ultro—tributis
650 569 730 620 fit?
771 574 959 621 Calcatis
983 576 1238 627 utilitatibus
1261 578 1313 622 ad
1339 578 1451 622 illam
1477 594 1590 624 eun-
1613 635 1616 638 ,

311 648 412 693 dum
435 645 514 703 est,
537 661 806 709 quocunque
828 647 1031 705 vocavit,
1054 664 1322 712 quocunque
1342 650 1453 695 mifit
1469 686 1481 705 ‚
1502 651 1590 698 fine

309 719 505 781 respessu
528 717 591 764 rei
608 717 827 764 familiaris
851 736 861 763 ε
880 718 1100 781 interdum
1118 719 1265 778 etiam,
1285 721 1371 766 sine
1391 721 1477 767 ulla
1498 722 1596 767 {an-

310 792 453 856 guinis
479 791 540 838 sui
572 791 835 855 parsimonia
863 791 1142 851 vadendum,
1159 809 1256 849 ‚nec
1281 809 1474 858 unquam
1505 795 1593 841 im-

311 865 481 928 perium
508 863 601 911 eius
632 865 973 911 detrefitandum.
1003 865 1125 924 Quid
1150 865 1417 929 consequar,
1437 867 1596 931 inquit,

310 938 342 984 si
384 937 472 985 hoc
502 937 700 995 fortiter,
721 937 751 983 fi
780 938 867 983 hoc
889 949 1008 999 grate
1043 935 1225 984 fecero?
1256 939 1397 998 Quod
1425 938 1595 989 feceris⁴

313 1012 440 1058 Nihil
468 1011 550 1058 tibi
569 1025 692 1058 extra
720 1010 1020 1074 promittitur:
1045 1009 1075 1055 fi
1094 1010 1201 1074 quid
1220 1010 1335 1058 forte
1358 1012 1595 1061 obvenerit

315 1086 569 1145 commodi,
586 1086 699 1133 inter
716 1085 980 1133 acceiiiones
998 1086 1259 1132 numerabis.
1275 1087 1437 1133 Rerum
1452 1086 1596 1134 hone-

314 1159 473 1206 starum
499 1160 686 1223 pretium
708 1159 751 1205 in
772 1158 870 1221 ipsis
893 1159 966 1206 est.
992 1160 1034 1206 Si
1051 1157 1280 1206 honestum
1301 1177 1378 1222 per
1403 1159 1442 1208 se
1461 1176 1596 1223 expe-

312 1235 494 1281 tendum
522 1233 584 1281 est
605 1270 619 1291 ‚
649 1232 912 1281 beneficium
945 1244 1088 1280 autem
1122 1230 1354 1278 honestum
1383 1231 1470 1290 est,-
1504 1248 1597 1279 non

313 1304 456 1368 potest
476 1306 555 1352 alia
583 1305 675 1352 eius
692 1304 893 1352 conditio
924 1303 1037 1361 esse,
1064 1321 1165 1351 cum
1190 1304 1341 1349 eadem
1361 1317 1511 1350 natura
1532 1302 1595 1350 fit‘.

315 1382 396 1426 Per
423 1379 464 1426 se
491 1390 633 1425 autem
666 1378 961 1441 expetendum
993 1376 1078 1425 effe
1109 1375 1339 1423 honestum
1361 1411 1375 1435 ,
1406 1376 1529 1439 saepe
1553 1386 1596 1422 et

313 1453 483 1498 abunde
512 1452 747 1514 probatum
774 1449 848 1498 est.

381 1527 432 1572 ΙΙ.
463 1527 509 1570 ln
536 1526 617 1571 hac
652 1536 773 1588 parte
801 1521 1102 1585 nobispugna
1128 1522 1188 1568 est
1217 1538 1316 1568 cum
1348 1521 1596 1584 Epicureo-

314 1616 413 1646 rum
429 1596 606 1646 delicata
623 1610 664 1645 et
681 1598 919 1645 umbratica
943 1598 1086 1655 turba,
1106 1597 1150 1643 in
1167 1596 1388 1644 convivio
1406 1595 1486 1643 suo
1509 1596 1598 1659 phi·

313 1672 636 1735 Iosophantium
665 1689 675 1718 :
703 1671 818 1734 apud
844 1686 956 1733 quos
985 1669 1124 1717 virtus
1151 1661 1598 1733 voluptatum'mini-

315 1745 396 1791 stra
418 1744 490 1792 est,
527 1746 608 1792 Illis
633 1760 781 1809 paret,
812 1744 895 1792 illis
925 1743 1143 1800 deservit,
1177 1743 1269 1791 illas
1295 1743 1423 1806 supra
1451 1742 1492 1790 se
1523 1743 1597 1790 vi-

316 1819 401 1864 det.
432 1819 538 1864 Non
561 1817 644 1876 est,
662 1817 826 1880 inquit,
849 1815 1052 1878 voluptas
1069 1816 1154 1862 sine
1179 1817 1354 1863 virtute.
1381 1816 1465 1862 Sed
1489 1832 1596 1878 qua-

316 1908 362 1939 re
391 1904 488 1938 ante
512 1893 723 1938 virtutem
760 1890 853 1937 est?
887 1890 958 1935 De
988 1890 1144 1936 ordine
1175 1902 1300 1951 putas
1332 1889 1593 1951 disputatio-

315 1982 419 2012 nem
447 1965 566 2012 effe?
605 1966 680 2011 De
706 1981 752 2011 re
773 1974 892 2020 tota,
917 1975 959 2009 et
984 1965 1036 2010 de
1065 1962 1274 2025 potestate
1299 1962 1390 2010 eius
1414 1963 1597 2026 ambigi-

315 2050 397 2085 tur.
425 2055 515 2084 non
536 2038 596 2085 est
617 2039 779 2094 virtus,
801 2037 829 2083 fi
848 2037 965 2100 sequi
987 2038 1143 2099 potest.
1166 2038 1333 2083 Primae
1354 2050 1491 2100 partes
1509 2037 1601 2084 eius

316 2114 439 2157 sunt:
467 2113 629 2158 ducere
657 2111 816 2167 deb-et,
849 2109 1065 2172 imperare
1083 2145 1096 2167 ,
1129 2109 1304 2155 summo
1341 2110 1446 2155 loco
1478 2108 1600 2155 stare,

318 2196 364 2230 tn
388 2185 500 2231 illam
528 2184 649 2231 iubes
674 2184 838 2246 signum
869 2199 1027 2246 petere,
1059 2184 1207 2244 Quid,
1231 2183 1396 2246 inquit,
1426 2195 1497 2228 tua
1528 2199 1600 2230 re·

317 2256 437 2304 fert?
464 2272 507 2304 et
536 2274 620 2320 ego
651 2256 737 2303 fine
764 2256 927 2303 virtute
967 2272 1079 2319 nego
1117 2257 1282 2302 beatam
1315 2256 1450 2302 vitam
1478 2254 1598 2316 posse

319 2331 530 2378 constare.
556 2330 692 2394 Ipsam
719 2328 995 2390 voluptatem
1014 2366 1024 2386 ‚
1055 2346 1185 2393 quain
1218 2330 1405 2391 sequor,
1430 2328 1500 2374 cui
1529 2343 1599 2372 me

322 2405 592 2466 mancipavi,
613 2415 781 2450 remota
806 2404 900 2460 illa,
926 2404 1135 2465 improb-2·
1159 2415 1201 2448 et
1228 2402 1402 2448 damno.
1427 2401 1479 2446 de
1509 2400 1599 2446 hoc

323 2493 414 2524 uno
436 2477 679 2541 disputatur
696 2508 712 2534 ‚
736 2488 882 2524 utrum
907 2478 1045 2526 virtus
1070 2477 1226 2523 summi
1254 2476 1360 2523 boni
1386 2475 1507 2522 causa
1525 2473 1600 2532 fit,
