1742 2967
1139 96 1159 117 0

242 180 270 231 8
478 181 529 228 L.
579 182 872 229 ANNAEI
925 182 1281 230 SENECAE

239 307 327 340 tem
361 309 537 342 naturae
558 296 655 342 suae
688 298 835 344 nactus
865 296 954 356 est,
983 315 1098 361 quae
1128 315 1281 361 pacem
1304 309 1446 357 amat,
1480 311 1526 347 et

240 380 395 410 manus
421 366 590 411 retinet.
618 366 798 411 Nullum
825 378 972 412 tamen
992 367 1221 413 clementia
1249 385 1302 415 ex
1322 369 1529 415 omnibus

240 453 407 498 magns,
443 454 571 498 quam
606 453 753 501 regem
783 449 855 483 aut
881 437 1126 500 principem
1155 440 1293 487 decet.
1324 443 1385 485 Ita
1410 440 1529 486 enim

243 528 426 573 magnae
447 512 563 557 vires
583 511 735 557 decori
754 510 1008 574 gloriaeque
1028 513 1145 572 sunt,
1170 513 1200 560 fi
1224 514 1306 561 illis
1334 514 1530 561 salutaris

244 587 443 648 porentia
467 585 541 631 est.
576 602 676 642 nam
699 585 897 647 pestifera
917 586 983 634 vis
1008 587 1094 645 est,
1123 588 1269 637 valere
1289 590 1344 635 ad
1363 605 1530 636 nocen-

244 659 365 705 dum.
388 660 499 705 lllius
517 659 693 705 demum
711 661 967 724 magnitudo
987 661 1145 709 stabilis
1162 662 1431 726 fundataque
1449 662 1532 718 est,

244 749 376 793 quem
403 748 556 778 omnes
579 744 668 778 tam
687 733 814 796 supra
835 735 876 780 se
896 733 982 779 effe
997 769 1011 790 ‚
1032 751 1165 797 quam
1193 751 1276 797 pro
1302 733 1343 781 se
1368 733 1507 781 sciunt
1516 748 1532 788 ;

246 805 370 851 cuius
403 822 554 851 curam
582 807 802 853 excubare
832 823 916 869 pro
948 807 1079 854 salute
1108 807 1375 870 fingulorum
1402 804 1533 871 atque

247 878 556 925 universorum
575 879 777 942 quotidIe
797 882 1085 943 experiuntur
1092 901 1107 939 3
1126 899 1219 945 quo
1237 883 1535 945 procedente,

248 968 340 997 non
371 966 575 1016 tanquam
608 954 770 1000 malum
797 955 977 1018 aliquod
1006 966 1080 1001 aut
1109 956 1294 1002 noxium
1323 955 1482 1001 animal
1510 972 1535 1002 e

249 1024 380 1071 cubili
402 1025 662 1088 prosilierit,
683 1026 938 1090 diffugiunt,
961 1028 1032 1074 sed
1060 1039 1268 1091 tanquam
1295 1030 1349 1076 ad
1370 1029 1535 1076 clarum

250 1113 300 1142 ac
314 1096 561 1144 beneficum
583 1098 696 1146 sidus
719 1101 912 1146 certatim
928 1100 1164 1157 advolant,
1178 1101 1374 1148 obiicere
1391 1101 1433 1147 se
1451 1117 1536 1162 pro

250 1170 329 1216 illo
352 1172 639 1219 mucronibus
664 1173 959 1219 insidiantium
982 1173 1257 1236 paratiffimi,
1286 1185 1330 1221 et
1352 1173 1537 1220 subster-

253 1260 356 1289 nere
377 1260 568 1305 corpora
583 1246 676 1304 sua,
696 1247 727 1294 fi
748 1263 824 1308 per
843 1246 1028 1310 stragem
1047 1247 1108 1293 illi
1129 1247 1366 1293 humanam
1388 1247 1470 1293 iter
1482 1247 1539 1292 ad

252 1317 429 1364 salutem
451 1318 707 1366 struendum
726 1319 787 1366 fit.
806 1322 1019 1367 Somnum
1039 1321 1131 1367 eius
1152 1320 1381 1367 nocturnis
1402 1337 1539 1366 excu*

253 1393 337 1439 biis
374 1393 576 1440 muniunt
609 1413 618 1440 ε
651 1395 784 1441 latera
821 1394 982 1442 obieffi
1012 1394 1353 1459 circumfusique
1384 1393 1540 1441 defen»

255 1467 364 1513 dunt
385 1484 396 1513 2
420 1468 741 1515 incurrentibus
764 1468 966 1530 periculis
993 1468 1035 1516 se
1056 1479 1304 1531 opponunt.
1331 1468 1439 1514 Non
1466 1466 1541 1517 hic

256 1539 318 1587 est
340 1538 424 1586 fine
443 1539 609 1588 ratione
628 1541 800 1604 populis
813 1541 1080 1606 urbibusque
1095 1540 1346 1598 consensus,
1361 1540 1418 1588 fic
1436 1557 1541 1603 pro·

258 1614 432 1675 tegendi
453 1615 716 1677 amandique
731 1631 853 1677 reges
868 1650 880 1669 ‚
899 1628 943 1661 et
960 1615 1002 1661 se
1021 1614 1181 1676 suaque
1198 1612 1408 1670 iactandi,
1425 1629 1542 1675 quo-

260 1704 434 1739 cunque
450 1687 755 1735 desideraverit
778 1688 1031 1751 imperantis
1052 1687 1177 1734 salus.
1197 1688 1294 1733 Nec
1312 1686 1419 1734 haec
1437 1687 1543 1732 vili-

260 1774 322 1806 tas
344 1760 403 1807 sui
424 1760 506 1817 est,
534 1776 606 1807 aut
626 1761 870 1816 dementia,
908 1778 992 1824 pro
1024 1777 1115 1807 uno
1142 1760 1284 1822 capite
1312 1771 1381 1806 tot
1411 1759 1546 1806 millia

262 1834 464 1896 excipere
492 1834 680 1891 ferrum,
707 1852 756 1881 ac
784 1834 928 1881 multis
954 1833 1172 1881 mortibus
1201 1848 1331 1878 unam
1354 1830 1544 1878 animam

262 1910 477 1954 redimere
493 1945 505 1965 ‚
533 1925 849 1971 nonnunquam
875 1908 985 1955 senis
1013 1920 1058 1954 et
1080 1905 1277 1954 invalidi.
1310 1906 1545 1965 Quemad-

264 1984 445 2028 modum
479 1996 620 2029 totum
648 2000 808 2044 corpus
835 1983 984 2028 animo
1013 1981 1230 2036 deservit,
1261 1992 1305 2026 et
1333 1995 1435 2025 curn
1460 1978 1544 2025 hoc

264 2068 388 2101 tanto
423 2055 562 2103 maius
586 2068 796 2120 tantoque
825 2054 1061 2119 speciofius
1086 2053 1165 2101 fit:
1193 2053 1264 2100 ille
1288 2052 1334 2098 in
1365 2050 1544 2097 occulto

265 2145 438 2176 maneat
458 2131 601 2178 tenuis
615 2167 628 2188 ‚
648 2146 691 2178 et
709 2132 752 2177 in
774 2148 857 2194 qua
882 2129 979 2177 sede
999 2129 1136 2176 latitet
1156 2128 1346 2175 incertus
1363 2159 1378 2182 ‚
1398 2139 1544 2173 tamen

266 2220 440 2258 manus,
462 2205 614 2264 pede3‚
632 2205 750 2252 oculi
771 2205 996 2268 negotium
1015 2203 1077 2249 illi
1099 2214 1277 2266 gerunt3
1299 2201 1422 2247 illum
1439 2200 1544 2246 haec

267 2275 376 2321 cutis
396 2277 558 2331 munit;
578 2277 692 2324 illius
716 2277 823 2324 iuffu
847 2277 1061 2331 iacemus,
1080 2287 1155 2321 aut
1179 2273 1363 2336 inquieti
1381 2272 1562 2319 discur*>

267 2349 430 2405 rimus3
453 2369 551 2401 cum
572 2352 642 2397 ille
664 2350 899 2414 imperavit
913 2383 927 2406 ‚
948 2350 1039 2397 five
1058 2365 1216 2396 avarus
1234 2343 1517 2393 dominusest
1531 2380 1546 2400 ,

270 2438 388 2468 mare
407 2424 516 2470 lucri
538 2424 660 2471 causa
686 2424 958 2479 scrutamur3
982 2422 1071 2470 five
1088 2420 1362 2476 ambitiosus,
1379 2417 1547 2465 iamdu-

272 2499 378 2549 dum
413 2497 635 2549 dexteram
659 2499 849 2548 flammis
881 2498 1149 2558 obiecimus,
1190 2508 1262 2544 aut
1297 2491 1547 2545 voluntarie
