1742 2967
431 171 565 240 ‘DE
614 191 812 239 vtrA
862 186 1136 238 BEATA'.
1352 155 1447 251 v10«,-

165 318 265 351 rum
285 316 475 349 nurnero
500 301 712 348 confideo
726 336 742 358 ‚
767 299 842 364 qui
866 316 1043 346 manum
1061 299 1116 345 ad
1131 295 1286 360 stipem
1307 297 1454 360 porri-

165 390 285 442 gunt.
309 377 416 440 quid
429 377 549 424 enim
570 377 624 423 ad
650 393 766 433 rem,
789 393 844 422 an
864 374 1050 421 frustum
1073 372 1198 436 panis
1217 372 1322 419 defit
1336 408 1349 429 ,
1381 369 1455 418 cui

164 467 257 497 non
286 450 403 498 deest
426 450 543 496 mori
563 449 718 512 poffe?
739 449 861 510 Quid
881 464 988 512 ergo
1008 448 1101 495 est?
1129 449 1314 495 domum
1337 446 1454 492 illam

164 521 436 585 splendidam
451 522 570 569 malo
585 558 599 580 ‚
619 539 751 585 quam
769 535 966 585 pontem.
986 523 1106 568 Pone
1126 521 1173 567 in
1192 518 1457 566 instrumen-

163 595 218 641 tis
243 594 594 656 splendentibus,
630 609 675 641 et
708 594 896 641 delicato
926 607 1138 657 apparatu
1162 610 1174 639 ε
1206 592 1345 639 nihilo
1383 607 1455 638 me

166 668 409 716 feliciorem
439 669 613 716 credam
627 705 638 725 ‚
659 669 780 732 quod
800 667 906 714 mihi
935 667 1070 713 molle
1092 665 1174 713 erit
1191 664 1455 722 amiculum,

166 744 291 805 quod
310 760 501 806 purpura
526 743 570 789 in
590 742 815 790 conviviis
839 741 947 789 meis
975 740 1279 788 substernetur.
1300 739 1455 786 Nihilo

166 815 370 862 miserior
396 833 475 862 ero
495 852 508 872 ‚
533 815 564 862 fi
585 812 683 863 laffa
709 815 863 862 cervix
884 832 982 862 mea
1007 814 1053 861 in
1082 814 1306 877 manipulo
1331 812 1456 860 foeni

165 887 433 953 acquiescet,
456 890 484 934 fi
509 890 638 950 super
660 888 867 937 Circense
887 900 1159 944 tomentum,
1177 903 1257 950 per
1276 886 1458 933 sarturas

166 963 327 1010 veteris
363 963 484 1010 lintei
524 963 738 1018 effluens,
781 963 1019 1019 incubabo,
1055 961 1181 1023 Quid
1216 977 1324 1024 ergo
1354 960 1456 1006 eff?

165 1037 284 1082 malo
303 1036 410 1099 quid
433 1035 538 1081 mihi
561 1035 696 1081 animi
720 1035 768 1082 fit
790 1035 1019 1082 ostendere
1034 1071 1047 1093 ‚
1075 1046 1258 1097 pexatus
1280 1046 1324 1080 et
1348 1051 1457 1097 gau-

167 1108 339 1170 sapatus
354 1143 367 1164 ,
399 1123 532 1170 quam
554 1107 681 1154 nudis
704 1108 888 1169 scapulis
914 1120 988 1154 aut
1007 1106 1253 1154 semiteffis.
1273 1110 1337 1154 Ut
1360 1123 1460 1152 om-

167 1197 245 1227 nes
277 1180 384 1226 mihi
410 1179 503 1227 dies
529 1198 583 1226 ex
613 1196 727 1227 voto
758 1181 942 1237 cedant,
974 1196 1120 1226 novae
1153 1180 1461 1242 gratulationes

165 1254 389 1317 prioribus
424 1253 705 1300 subtexantur
734 1272 745 1299 ε
780 1270 871 1300 non
908 1255 968 1300 ob
1001 1254 1089 1300 hoc
1122 1252 1230 1299 mihi
1261 1252 1460 1315 placebo.

166 1330 290 1373 Muta
324 1327 367 1372 in
406 1327 674 1374 contrarium
707 1327 820 1374 hanc
852 1325 1167 1389 indulgentiam
1202 1325 1415 1387 temporis
1445 1341 1458 1371 z

166 1404 270 1450 hinc
307 1402 429 1450 illinc
455 1403 724 1465 percutiatur
752 1401 949 1458 animus,
981 1401 1147 1446 damno
1165 1435 1179 1457 ‚
1213 1399 1328 1445 luftu
1347 1434 1360 1454 ‚
1389 1399 1460 1444 in-

111 1485 115 1488 '
168 1476 443 1522 curfionibus
478 1475 642 1529 variis,
683 1474 794 1520 nulla
829 1471 1017 1518 omnino
1047 1471 1159 1517 hora
1195 1470 1284 1516 fine
1319 1470 1462 1533 aliqua

167 1549 343 1606 querela
366 1548 442 1593 fit:
473 1564 563 1593 non
587 1547 691 1592 ideo
716 1562 787 1591 me
807 1545 948 1591 dicam
969 1544 1082 1590 inter
1104 1542 1345 1589 miserrima
1376 1542 1462 1588 mi-

167 1624 334 1682 serum,
356 1640 447 1670 non
466 1623 570 1669 ideo
589 1621 780 1684 aliquem
803 1620 1066 1667 exsecrabor
1082 1619 1214 1665 diem.
1233 1617 1463 1680 provisum

168 1696 229 1743 est
246 1698 362 1742 enim
383 1714 405 1742 a
427 1712 498 1741 me
511 1731 525 1751 ‚
545 1711 599 1740 ne
619 1694 717 1756 quis
734 1693 843 1739 mihi
864 1705 953 1738 ater
967 1693 1058 1738 dies
1077 1691 1194 1737 esset.
1213 1691 1336 1750 Quid
1354 1707 1464 1753 ergo

167 1770 257 1818 est?
280 1770 396 1815 malo
426 1769 581 1832 gaudia
602 1782 871 1830 temperare,
894 1782 1024 1829 quam
1054 1759 1465 1826 dolores'compes-

169 1859 282 1890 cere.
308 1843 408 1888 Hoc
434 1842 513 1888 tibi
535 1841 604 1886 ille
635 1841 835 1887 Socrates
863 1840 1005 1886 dicet:
1032 1842 1115 1886 Fac
1146 1855 1217 1884 me
1243 1837 1464 1884 vfflorem

170 1916 476 1963 universarum
512 1914 706 1977 gentium
740 1931 749 1958 :
783 1913 990 1959 delicatus
1025 1913 1096 1957 ille
1135 1911 1278 1957 Liberi
1312 1926 1466 1956 currus

168 1988 513 2051 triumphantem
537 2003 674 2049 usque
704 1986 758 2031 ad
785 1986 960 2032 Thebas
988 2001 1011 2030 a
1041 1984 1141 2031 solis
1172 1996 1270 2030 ortu
1302 1982 1463 2029 vebat:

170 2061 266 2107 iura
298 2076 422 2124 reges
455 2058 676 2105 Persarum
701 2069 878 2120 petant:
901 2073 971 2102 me
1002 2056 1231 2103 hominem
1257 2053 1342 2101 effe
1371 2064 1465 2098 tum

171 2135 361 2180 maxime
382 2133 619 2196 cogitabo,
650 2149 750 2178 cum
776 2132 905 2177 Deus
925 2130 1120 2193 undique
1148 2126 1468 2174 consalutabor.

171 2207 287 2254 Huic
304 2220 391 2252 tam
417 2206 588 2252 sublimi
614 2205 789 2267 fastigio
820 2203 1038 2265 coniunge
1065 2201 1266 2263 protinus
1296 2198 1466 2262 praeci-

171 2278 309 2341 pitem
341 2277 628 2323 mutationem
650 2294 661 2322 ε
690 2276 736 2321 in
763 2275 953 2320 alienum
979 2275 1187 2335 imponar
1216 2269 1432 2317 ferculum
1453 2303 1470 2325 ‚

171 2343 461 2399 exo'rnaturus
491 2350 674 2396 victoris
704 2348 876 2411 superbi
907 2364 956 2394 ac
985 2346 1068 2393 feri
1094 2360 1340 2409 pompam:
1371 2358 1465 2388 nou

170 2425 383 2472 humilior
413 2423 490 2469 sub
518 2423 664 2468 alieno
687 2438 815 2467 curru
835 2436 962 2484 agar,
989 2435 1120 2482 quam
1147 2418 1192 2463 in
1213 2432 1317 2462 meo
1339 2414 1468 2460 stete-

170 2515 277 2547 ram,
299 2497 423 2558 Quid
444 2511 552 2560 ergo
575 2494 662 2542 est?
685 2495 866 2544 vincere
892 2509 1039 2541 tamen
1054 2527 1070 2549 ,
1095 2506 1229 2555 quam
1252 2488 1348 2551 capi
1370 2497 1464 2533 ma-
