1742 2967
382 168 481 235 DE
527 187 984 234 CLEMENTIA
1030 188 1161 233 ΗΒ.
1203 189 1273 234 11.
1406 200 1462 242 41

188 291 425 357 proderit,
469 306 515 339 et
551 292 738 338 deorum
776 308 902 338 more
941 290 1218 337 calamitosos
1254 291 1471 352 propitius

188 366 405 428 respiciet.
447 365 729 412 Misericoclia
774 365 921 412 vicina
961 364 1022 411 est
1056 364 1254 410 miseriae
1289 381 1298 409 ε
1339 364 1467 410 habet

188 439 307 486 enim
349 438 552 500 aliquid,
601 439 819 501 trahitque
861 456 915 485 ex
968 456 1033 484 ea.
1076 438 1320 484 lmbecilles
1356 453 1469 483 ocu-

187 514 253 561 los
284 512 370 558 effe
401 513 534 570 scias,
562 513 638 576 qui
671 514 725 558 ad
750 513 935 558 alienam
968 512 1281 575 lippitudinem
1317 525 1360 557 et
1388 509 1466 571 ipsi

189 588 529 635 luffiinduntur:
549 602 637 634 tam
667 587 940 642 mehercule,
971 604 1101 649 quam
1125 586 1330 632 morbum
1351 585 1435 631 effe
1451 622 1466 640 ,

187 678 281 707 non
312 642 601 716 bilaritatem,
632 660 801 722 semper
835 661 1024 707 arridere
1053 658 1320 715 ridentibus,
1346 672 1388 704 et
1417 658 1471 705 ad

187 733 394 779 omnium
433 734 739 780 oscitationem
777 733 915 796 ipsum
951 749 1131 797 quoque
1161 749 1213 778 os
1250 732 1472 777 diducere.

189 805 492 852 Misericordia
513 805 682 852 'vitium
713 804 774 851 est
804 806 1081 861 animorum,
1120 805 1250 850 nimis
1279 802 1473 849 miseriae

188 877 435 930 faventium
466 897 476 924 :
508 896 641 942 quam
674 879 705 924 fi
734 879 834 941 quis
864 896 887 924 a
912 878 1103 941 sapiente
1134 878 1293 941 exigit,
1330 892 1472 938 prope

186 952 270 1008 est,
304 968 352 999 ut
376 953 732 999 lamentationem
767 953 947 1015 exigat,
978 966 1021 998 et
1051 950 1095 997 in
1127 951 1278 997 alienis
1309 949 1473 996 funeri-

186 1025 266 1072 bus
292 1025 489 1087 gemitus.
526 1029 582 1072 At
613 1043 753 1088 quare
783 1042 875 1071 non
902 1025 1124 1088 ignoscat,
1150 1026 1315 1071 dicam.

252 1104 350 1147 Vll.
381 1100 708 1146 Constituamus
732 1117 848 1147 nunc
880 1117 1062 1162 quoque
1088 1099 1194 1161 quid
1230 1098 1280 1144 {it
1309 1097 1437 1144 venia
1458 1133 1472 1152 ‚

147 1223 153 1227 ,
186 1189 235 1220 ut
265 1173 447 1218 sciamus
472 1173 567 1218 dari
596 1172 714 1217 illam
738 1189 761 1217 a
791 1170 982 1233 sapiente
1017 1188 1109 1216 non
1127 1170 1301 1216 debere.
1331 1169 1473 1215 Venia

185 1246 247 1291 est
283 1261 450 1307 poenae
487 1243 667 1290 meritae
700 1243 905 1289 remiffio.
960 1244 1085 1288 Hanc
1121 1241 1285 1303 sapiens
1335 1257 1472 1302 quare

187 1332 280 1361 non
312 1316 467 1362 debeat
488 1317 589 1363 dare
608 1348 623 1372 ‚
652 1317 840 1363 reddunt
858 1315 1072 1361 rationem
1095 1312 1282 1370 diutius,
1313 1312 1470 1374 quibus

185 1388 273 1435 hoc
307 1388 584 1450 propositum
619 1387 694 1434 est.
734 1391 828 1449 Ego
862 1398 910 1431 ut
936 1384 1163 1440 breviter,
1192 1396 1399 1445 tanquam
1424 1381 1470 1427 in

184 1462 330 1508 alieno
361 1462 528 1507 iudicio
553 1462 698 1508 dicam
723 1480 734 1507 :
764 1461 804 1506 ei
837 1457 1080 1522 ignoscitur
1110 1455 1186 1520 qui
1215 1454 1362 1517 puniri
1391 1454 1469 1500 de·-

184 1533 306 1591 buit·‚
335 1533 500 1597 sapiens
524 1530 667 1580 autem
701 1533 806 1578 nihil
832 1531 934 1578 facit
959 1530 1080 1593 quod
1108 1547 1199 1575 non
1224 1528 1383 1584 debet,
1405 1525 1469 1572 ni-

187 1607 253 1662 hil,
274 1606 577 1669 praetermittit
611 1607 732 1669 quod
763 1605 904 1652 debet.
942 1604 1087 1666 itaque
1123 1619 1314 1665 poenam
1334 1618 1466 1663 quaxn

185 1679 357 1742 exigere
385 1680 542 1732 debet,
570 1695 662 1726 non
686 1679 849 1724 donat:
883 1677 956 1723 sed
976 1676 1081 1721 illud
1108 1675 1233 1738 quod
1259 1692 1312 1721 ex
1338 1673 1467 1720 venia

185 1751 395 1814 consequi
414 1752 506 1808 vis,
526 1751 779 1798 honestiore
806 1751 884 1797 tibi
903 1750 973 1795 via
992 1748 1155 1806 trib-uit.
1186 1747 1327 1794 Parcit
1349 1748 1467 1792 enim

183 1827 375 1889 sapiens,
402 1826 589 1873 consulit
611 1838 658 1872 et
683 1824 880 1887 corrigit.
911 1823 1027 1868 ldem
1054 1821 1183 1877 facit,
1213 1820 1380 1884 quodsi
1405 1820 1468 1883 ig-

184 1900 409 1956 nosceret,
441 1916 520 1946 nec
541 1898 730 1961 ignoscit
751 1916 760 1943 :
784 1895 996 1961 quoniam
1023 1893 1099 1957 qui
1122 1893 1335 1955 ignoscit,
1360 1892 1467 1940 fate·

183 1984 254 2018 tur
285 1972 450 2034 aliquid
468 1971 531 2029 se,
556 1972 679 2035 quod
704 1970 797 2016 fieri
827 1968 998 2021 debuit,
1032 1965 1232 2012 omififfe.
1262 1965 1466 2029 Aliquem

144 2076 145 2079 =
184 2046 330 2093 verbis
364 2058 530 2091 tantum
562 2044 844 2101 admonebit,
878 2058 1024 2105 poena
1057 2057 1147 2086 non
1167 2039 1363 2096 xafficiet,
1390 2056 1465 2085 ae-

185 2132 319 2166 tatem
356 2120 447 2166 eius
478 2119 795 2165 emendabilem
832 2118 1006 2163 intuens
1034 2134 1044 2162 :
1076 2114 1266 2177 aliquem
1297 2113 1464 2160 invidia

185 2191 381 2238 criminis
409 2191 634 2238 manifeste
663 2193 935 2238 laborantem
956 2223 971 2245 ‚
1003 2187 1170 2235 iubebit
1196 2187 1464 2233 incolumem

186 2263 272 2308 effe
292 2281 303 2308 :
323 2263 424 2326 quia
444 2264 651 2326 deceptus
674 2265 734 2310 est
753 2302 764 2320 ,
784 2266 885 2328 quia
908 2281 986 2326 per
1014 2263 1169 2310 vinum
1189 2261 1340 2323 lapsus.
1367 2262 1465 2306 Ho-

184 2337 266 2382 stes
284 2336 473 2382 dimittet
495 2336 638 2383 salvos
653 2373 665 2391 ,
685 2338 921 2399 aliquando
940 2336 1069 2383 etiarn
1091 2335 1312 2388 laudatos,
1333 2334 1361 2378 si
1382 2334 1464 2379 ho-

184 2409 314 2456 nestis
340 2411 473 2457 causis
499 2427 581 2472 pro
609 2411 724 2469 fide,
750 2429 833 2473 pro
863 2411 1072 2464 foedere,
1102 2427 1183 2472 pro
1206 2409 1401 2455 libertate
1418 2409 1463 2454 in

217 2484 344 2532 ellum
367 2484 549 2534 accinffiti
578 2484 686 2531 sunt.
731 2485 852 2531 Haec
882 2483 1033 2530 omnia
1059 2500 1152 2531 non
1177 2483 1361 2542 veniae,
1393 2481 1464 2529 sed
