1742 2967
264 140 357 189 266
519 142 570 188 L.
614 140 912 187 ANNAE1
961 139 1316 189 SENECAE

263 264 368 295 meo
380 283 394 307 ,
410 258 455 295 et
474 247 662 294 testabor
680 248 828 294 omnia
842 265 912 296 me
937 247 1087 296 fecifl'e
1100 285 1114 305 ‚
1132 267 1186 297 ne
1203 266 1315 313 opus
1334 248 1439 297 effet
1456 247 1540 296 mi-

262 321 307 368 hi
329 322 491 368 auxilio
519 321 710 368 hominis
733 322 902 385 ingrati.
933 322 1166 370 noviffime
1192 323 1433 386 recipiendi
1462 324 1540 371 be-

259 395 408 442 neficii
425 396 671 451 neceffitas,
689 396 917 459 repetendi
936 399 1247 445 verecundiam
1266 399 1426 445 vincet.
1448 398 1539 445 De-

260 467 387 525 inde,
421 485 522 516 cum
551 468 675 514 bono
704 469 805 514 viro
837 467 1098 515 beneficium
1129 469 1218 526 do,
1242 469 1299 516 fic
1328 470 1417 527 do,
1439 483 1536 516 tan-

259 555 392 603 quam
415 556 639 602 nunquam
664 541 926 603 repetiturus
945 573 960 596 ‚
988 541 1065 587 nifi
1092 541 1264 589 neceffe
1291 541 1440 589 fuerit.

323 612 452 660 XXI.
484 613 568 659 Sed
587 613 679 668 lex,
711 613 883 677 inquit,
911 630 1001 659 non
1025 614 1322 677 permittendo
1349 615 1538 679 exigere,

259 686 415 734 vetuit.
451 687 591 735 Multa
615 687 758 751 legem
791 703 883 733 non
903 687 1091 746 habent,
1114 704 1196 735 nec
1222 688 1437 736 afflonem
1455 706 1466 733 ε
1484 688 1540 734 ad

261 775 374 822 quae
400 760 674 808 consuetudo
700 761 816 809 vitae
842 760 1078 818 humanae,
1111 761 1206 824 lege
1235 762 1359 808 omni
1390 762 1542 810 valen-

261 833 379 889 tior,
405 834 478 881 dat
508 834 687 881 aditum.
725 834 857 880 Nulla
883 834 952 881 lex
977 834 1099 882 iubet
1126 835 1371 883 amicorum
1402 836 1540 883 secre-

263 918 306 954 ta
334 923 425 954 non
445 906 622 970 e10qui3
652 906 766 953 nulla
792 907 864 954 lex
894 905 1027 953 fidem
1056 906 1187 954 etiam
1213 907 1394 955 inimico
1413 925 1540 971 prae-

260 979 382 1027 stare.
407 982 532 1040 Quae
552 979 621 1025 lex
653 979 708 1025 ad
735 979 781 1026 id
814 978 1119 1042 praestandum
1150 995 1232 1027 nos
1257 981 1381 1044 quod
1409 979 1541 1028 alicui

260 1052 577 1115 promifimus,
624 1052 803 1117 alligat?
852 1054 1025 1114 Querar
1056 1066 1200 1102 tamen
1238 1071 1338 1101 cum
1371 1070 1430 1102 eo
1466 1055 1540 1118 qui

263 1142 471 1173 arcanum
490 1127 737 1174 sermonem
753 1144 846 1175 non
863 1127 1149 1186 continuerit,
1166 1141 1209 1176 et
1227 1127 1360 1175 fidem
1377 1129 1541 1185 datam,

263 1214 345 1245 nec
365 1199 598 1257 servatam,
622 1199 901 1262 indignabor.
931 1200 1016 1247 Sed
1033 1217 1087 1247 ex
1114 1200 1331 1248 beneficio
1346 1237 1359 1257 ,
1382 1201 1542 1265 inquit,

260 1271 477 1317 creditum
506 1271 623 1320 facis.
647 1272 862 1320 Minime:
885 1289 975 1319 non
1004 1272 1122 1320 enim
1146 1273 1302 1337 exigo,
1323 1273 1394 1320 sed
1414 1290 1542 1338 repe-

261 1356 341 1399 103
365 1356 408 1391 et
432 1362 487 1392 ne
516 1359 669 1409 repeto
693 1346 871 1409 quidem
887 1383 899 1403 ,
927 1346 1005 1397 ,sed
1032 1346 1267 1393 admoneo.
1298 1347 1366 1393 Ne
1390 1346 1542 1392 ultima

263 1434 444 1480 quoque
472 1420 699 1466 neceffitas
727 1420 772 1466 in
797 1420 886 1467 hoc
906 1412 1029 1482 aget,
1064 1432 1110 1465 ut
1135 1419 1190 1464 ad
1213 1437 1312 1475 eum
1336 1418 1511 1465 veniam
1528 1454 1543 1477 ,

261 1507 363 1538 cum
391 1508 486 1554 quo
515 1492 590 1540 diu
620 1493 726 1539 mihi
755 1493 1004 1538 luctandum
1033 1491 1094 1540 fit.
1123 1492 1216 1552 Qui
1243 1505 1329 1538 tam
1350 1491 1546 1555 ingratus

261 1562 323 1611 est
338 1600 350 1619 ,
368 1577 415 1610 ut
438 1565 497 1611 illi
520 1582 611 1611 non
632 1564 681 1612 fit
701 1564 797 1610 satis
817 1564 1075 1621 admoneri,
1101 1581 1200 1611 eum
1222 1563 1414 1611 transibo
1428 1599 1441 1620 ,
1462 1581 1542 1611 nec

261 1638 444 1701 dignum
465 1639 671 1685 iudicabo
687 1674 699 1693 ,
724 1638 799 1700 qui
826 1650 973 1701 gratus
999 1638 1086 1686 effe
1109 1653 1305 1701 cogatur.
1333 1638 1545 1698 Quomo-

263 1711 324 1756 do
345 1710 594 1757 foenerator
615 1710 827 1772 quosdam
850 1709 1070 1757 debitores
1097 1727 1185 1757 non
1203 1710 1413 1773 appellat,
1431 1726 1546 1772 quos

265 1782 343 1829 scit
375 1783 620 1839 decoxisse,
649 1796 691 1829 et
718 1784 761 1829 in
781 1799 974 1845 quorum
1006 1784 1223 1844 pudorem
1256 1781 1362 1828 nihil
1393 1780 1543 1842 super-

262 1853 348 1910 est,
383 1855 505 1915 quod
540 1867 713 1915 pereat:
735 1855 791 1901 fic
819 1871 902 1916 ego
929 1857 1146 1918 quosdam
1178 1858 1372 1919 ingratos
1402 1855 1542 1916 palam

263 1942 313 1971 ac
344 1926 620 1987 pertinaciter
652 1926 898 1987 praeteribo
917 1959 931 1980 ‚
962 1945 1043 1974 nec
1071 1929 1126 1974 ab
1155 1928 1246 1974 ullo
1279 1925 1542 1974 beneficium

265 2013 476 2063 repetam,
490 1999 566 2044 nifi
584 2017 606 2044 a
624 2016 715 2061 quo
734 2015 825 2046 non
843 2000 1060 2048 ablaturus
1079 2017 1174 2054 erO,
1192 2001 1263 2047 sed
1276 2015 1544 2063 recepturus.

332 2072 481 2120 XXH.
517 2072 646 2118 Multi
680 2070 806 2127 sunt,
839 2072 916 2134 qui
946 2090 1029 2119 nec
1059 2090 1214 2136 negare
1232 2072 1390 2129 sciant,
1422 2073 1544 2135 quod

265 2159 548 2209 acceperunt,
568 2162 649 2193 nec
670 2145 852 2193 referre:
874 2147 950 2210 qui
969 2164 1048 2194 nec
1065 2161 1152 2195 tam
1171 2147 1278 2194 boni
1296 2146 1393 2193 sunt
1412 2163 1544 2209 quam

265 2221 397 2281 grati,
435 2235 516 2266 nec
545 2233 632 2264 tam
659 2218 760 2264 mali
792 2235 922 2282 quam
953 2219 1133 2283 ingrati,
1165 2220 1311 2282 segnes
1336 2230 1379 2265 et
1407 2217 1545 2274 tardi,

268 2293 382 2337 lenta
408 2291 613 2346 nomina,
639 2308 729 2338 non
755 2291 882 2337 mala.
924 2292 1019 2338 Hos
1044 2309 1128 2355 ego
1161 2308 1251 2337 non
1280 2289 1543 2353 appellabo,

267 2363 339 2410 sed
371 2365 767 2414 commonefaciam
791 2397 807 2419 ,
844 2377 886 2410 et
917 2366 971 2411 ad
1001 2366 1194 2411 officium
1229 2365 1342 2411 aliud
1374 2378 1546 2426 agentes

267 2437 476 2497 educam,
502 2438 577 2502 qui
605 2437 744 2486 statim
765 2437 874 2485 mihi
897 2437 954 2487 fic
972 2437 1295 2500 respondebunt
1317 2453 1326 2482 ε
1350 2434 1546 2499 ignosce,
