1742 2967
271 183 364 231 314
495 167 545 213 ι.
601 167 908 216 ANNAEI
965 167 1325 215 SENECAE

269 275 365 322 Nee
389 275 656 322 condussum
682 292 828 334 meum
850 308 864 331 ‚
895 292 1141 340 quanquam
1162 276 1213 323 fis
1241 276 1463 337 dominus,
1483 278 1552 328 in-

271 346 402 394 trabis
424 365 432 392 :
458 363 538 394 nec
564 347 737 395 servum
761 359 881 393 tuum
901 383 914 404 ,
949 351 1265 395 mercenarium
1300 367 1444 397 meum
1470 352 1550 399 ab-

271 419 402 465 duces
422 431 439 464 :'
452 431 496 466 et
514 437 612 466 cum
627 421 702 467 abs
720 432 760 467 te
780 421 958 467 rhedam
982 421 1240 468 conduxero
1254 457 1266 480 ,
1285 421 1548 471 beneficium

270 490 484 552 accipies,
521 490 550 536 s1
584 491 665 537 tibi
699 491 743 536 in
773 491 980 538 vehiculo
1013 504 1090 538 tuo
1121 493 1267 539 sedere
1297 494 1550 555 permisero.

272 562 406 609 Vides
430 578 537 625 ergo
565 562 686 625 posse
723 562 814 609 fieri
832 596 846 618 ‚
886 578 932 611 ut
960 563 1113 627 aliquis
1135 564 1401 628 <accipiendo
1427 567 1549 630 quod

268 635 393 681 suum
416 635 475 681 est
494 672 506 693 ,
535 653 694 682 munus
725 637 941 699 accipian
958 666 978 669 νὴ

336 710 409 754 VI.
449 711 496 754 In
527 709 734 756 omnibus
760 709 848 756 istis
881 726 990 773 quae
1015 709 1154 757 modo
1183 710 1308 757 retuli
1326 746 1339 769 ,
1364 724 1549 775 uterque

267 780 461 828 eiusdem
492 782 554 828 rei
581 782 785 828 dominus
816 782 887 828 est.
917 782 1186 844 quomodo?
1217 783 1318 846 quia
1348 784 1454 830 alter
1484 785 1549 831 rei

268 853 474 900 dominus
507 852 568 900 est
583 889 595 910 ‚
613 854 717 899 alter
742 853 856 900 usus.
885 853 1040 899 Libros
1059 853 1242 901 dicimus
1259 854 1345 901 effe
1366 854 1550 901 Cicero-

266 926 334 972 nis
355 943 364 971 ε
385 925 565 973 eosdem
592 927 746 972 Dorus
771 925 970 971 librarius
998 924 1095 971 suos
1122 937 1287 973 vocat:
1314 941 1357 973 et
1376 938 1549 973 utrum-

266 1015 352 1062 que
385 1016 538 1046 verum
558 999 631 1045 est.
656 998 763 1045 alter
784 999 880 1045 illos
906 1012 1110 1061 tanquam
1140 1000 1289 1046 aufflor
1313 999 1417 1057 fibi,
1443 1001 1550 1046 alter

268 1084 476 1136 tanquam
505 1089 649 1133 emtor
672 1071 812 1119 asserit
840 1090 850 1117 :
883 1088 932 1117 ac
951 1072 1065 1117 refie
1088 1071 1313 1135 utriusque
1346 1072 1550 1119 dicuntur

265 1145 365 1193 effe.
399 1146 640 1209 Utriusque
669 1144 787 1192 enim
818 1145 913 1192 sunt
943 1161 954 1190 ε
982 1144 1053 1190 sed
1085 1160 1176 1190 non
1208 1145 1366 1191 eodem
1395 1146 1550 1192 modo.

248 1218 325 1265 >fic
348 1217 488 1280 potest
516 1219 571 1265 T.
599 1217 748 1264 Livius
768 1234 790 1263 a
811 1219 945 1264 Doro
971 1215 1197 1278 accipere,
1223 1228 1294 1262 aut
1321 1233 1465 1263 emere
1497 1218 1548 1280 fi·

265 1290 372 1345 bros
406 1291 520 1337 suos.
565 1290 741 1337 Poss'um
780 1290 944 1336 donare
979 1288 1183 1351 sapienti,
1220 1289 1343 1352 quod
1379 1289 1548 1336 viritim

266 1379 415 1408 meum
451 1361 535 1418 est,
562 1362 665 1409 licet
698 1362 809 1408 illius
843 1361 925 1408 fint
953 1359 1116 1407 omnia.
1143 1362 1257 1407 Nam
1291 1377 1392 1407 cum
1420 1362 1548 1424 regio

268 1450 396 1482 more
428 1436 578 1482 cun&a
607 1435 844 1498 poffideat‚
878 1434 1135 1498 singularum
1163 1447 1308 1480 autem
1330 1450 1476 1481 rerum
1502 1434 1549 1480 in

269 1525 634 1571 unumquemque
680 1509 924 1571 proprietas
959 1507 1007 1553 fit
1050 1507 1187 1569 sparsa
1226 1524 1238 1554 ε
1270 1520 1320 1569 ,pt
1355 1507 1550 1569 accipere

267 1599 448 1640 munus,
469 1596 511 1629 et
541 1583 726 1636 debere3
758 1594 801 1628 et
834 1597 1006 1637 emere,
1040 1594 1083 1627 et
1116 1580 1364 1627 conducere
1395 1578 1550 1642 potest.

269 1653 426 1699 Caesar
454 1653 604 1700 omnia
634 1654 790 1708 habet,
819 1651 945 1700 fiscus
968 1652 1059 1699 eius
1081 1652 1248 1714 privata
1273 1662 1438 1698 tantum
1455 1686 1471 1706 ,
1499 1666 1548 1697 ac

267 1725 371 1772 sua:
399 1742 442 1773 et
469 1726 667 1773 universa
696 1727 741 1773 in
773 1724 963 1788 imperio
996 1723 1088 1770 eius
1116 1723 1230 1780 sunt,
1262 1722 1306 1767 in
1336 1721 1547 1784 patrimo-

268 1799 346 1845 nio
373 1801 565 1863 propria.
593 1802 715 1862 Quid
742 1800 832 1847 eius
863 1799 911 1845 fit
928 1833 940 1853 ,
960 1798 1068 1860 quid
1096 1813 1186 1843 non
1212 1797 1290 1852 fit,
1313 1795 1397 1842 fine
1419 1795 1549 1841 dimi-

267 1874 449 1920 nutione
471 1875 641 1938 imperii
664 1875 900 1939 quaeritur.
929 1889 1029 1918 nam
1051 1871 1094 1916 id
1115 1886 1292 1932 quoque
1310 1868 1431 1930 quod
1450 1880 1548 1913 tan-

267 1965 398 2011 quam
419 1949 606 1995 alienum
629 1949 922 2001 abiudicatur,
939 1944 1058 1990 aliter
1078 1942 1189 1987 illius
1203 1940 1275 1986 est.
1297 1940 1368 1986 Sic
1385 1939 1550 2002 sapiens

268 2022 464 2068 universa
486 2023 632 2068 animo
664 2022 875 2084 poffidet‚
896 2020 990 2064 iure
1016 2033 1063 2063 ac
1086 2014 1286 2061 dominio
1306 2013 1391 2060 sua.

343 2097 434 2140 VII.
469 2097 580 2141 Bion
599 2096 738 2141 modo
758 2108 912 2140 omnes
932 2089 1160 2151 sacrilegos
1178 2084 1444 2149 argumentis
1465 2083 1550 2131 effe

269 2167 465 2229 coHigit,
490 2168 628 2214 modo
654 2167 891 2214 neminem.
921 2165 1036 2209 Cum
1068 2176 1222 2208 omnes
1254 2160 1307 2206 de
1336 2159 1438 2206 saxo
1468 2158 1548 2204 de-

268 2238 457 2288 ieihxrus
476 2240 535 2288 est
549 2276 562 2297 ‚
581 2241 688 2288 dicit
707 2258 715 2286 :
736 2239 950 2302 Quisquis
971 2238 1015 2283 id
1035 2236 1155 2300 quod
1170 2235 1353 2281 deorum
1375 2232 1436 2280 est
1451 2268 1464 2290 ‚
1489 2232 1550 2278 su-

270 2312 385 2359 stulit
402 2328 444 2362 et
464 2315 697 2363 consumfit
709 2349 724 2370 ,
743 2329 870 2376 atque
890 2312 931 2357 in
952 2310 1078 2358 usum
1096 2308 1216 2355 suum
1238 2305 1370 2355 vertit
1387 2342 1401 2365 ,
1422 2305 1549 2352 sacri-

271 2388 392 2450 legus
418 2390 474 2435 est
498 2389 679 2436 :omnia
699 2401 840 2435 autem
862 2388 1045 2433 deorum
1070 2384 1193 2431 sum:
1216 2383 1338 2445 quod
1363 2381 1549 2444 quisque

270 2476 377 2525 ergo
398 2463 537 2519 tollsst,
560 2463 743 2510 deorum
764 2461 877 2519 tollit
890 2496 903 2520 ‚
923 2475 1113 2524 quorum
1130 2457 1280 2505 omnia
1297 2455 1392 2503 sunt
1410 2470 1421 2501 :
1442 2465 1551 2514 ergo
