<?xml version="1.0" encoding="UTF-8"?>
<!DOCTYPE html PUBLIC "-//W3C//DTD XHTML 1.0 Transitional//EN"
    "http://www.w3.org/TR/xhtml1/DTD/xhtml1-transitional.dtd">
<html xmlns="http://www.w3.org/1999/xhtml" xml:lang="en" lang="en">
 <head>
  <title>
</title>
<meta http-equiv="Content-Type" content="text/html;charset=utf-8" />
  <meta name='ocr-system' content='tesseract 3.04.00' />
  <meta name='ocr-capabilities' content='ocr_page ocr_carea ocr_par ocr_line ocrx_word'/>
</head>
<body>
  <div class='ocr_page' id='page_1' title='image "./lannaeisenecaeph02seneuoft_0223.png"; bbox 0 0 1742 2967; ppageno 0'>
   <div class='ocr_carea' id='block_1_1' title="bbox 373 205 1443 256">
    <p class='ocr_par' dir='ltr' id='par_1_1' title="bbox 373 205 1443 256">
     <span class='ocr_line' id='line_1_1' title="bbox 373 205 1443 256; baseline 0.002 -2"><span class='ocrx_word' id='word_1_1' title='bbox 373 208 475 254; x_wconf 87' lang='lat' dir='ltr'><strong>DE</strong></span> <span class='ocrx_word' id='word_1_2' title='bbox 521 205 965 253; x_wconf 81' lang='lat' dir='ltr'><strong>BENEFICIIS</strong></span> <span class='ocrx_word' id='word_1_3' title='bbox 1017 206 1143 253; x_wconf 86' lang='lat' dir='ltr'><strong>LIB.</strong></span> <span class='ocrx_word' id='word_1_4' title='bbox 1188 208 1259 253; x_wconf 87' lang='lat'>111.</span> <span class='ocrx_word' id='word_1_5' title='bbox 1359 223 1443 256; x_wconf 88' lang='lat'><strong>201</strong></span> 
     </span>
    </p>
   </div>
   <div class='ocr_carea' id='block_1_2' title="bbox 179 313 1462 2557">
    <p class='ocr_par' dir='ltr' id='par_1_2' title="bbox 179 313 1458 1388">
     <span class='ocr_line' id='line_1_2' title="bbox 180 313 1452 381; baseline -0.002 -19"><span class='ocrx_word' id='word_1_6' title='bbox 180 320 380 381; x_wconf 86' lang='lat' dir='ltr'><strong>patrum,</strong></span> <span class='ocrx_word' id='word_1_7' title='bbox 423 314 581 361; x_wconf 86' lang='lat' dir='ltr'><strong>domus</strong></span> <span class='ocrx_word' id='word_1_8' title='bbox 604 331 653 361; x_wconf 90' lang='lat' dir='ltr'><strong>ac</strong></span> <span class='ocrx_word' id='word_1_9' title='bbox 682 313 873 360; x_wconf 83' lang='lat' dir='ltr'><strong>familiae</strong></span> <span class='ocrx_word' id='word_1_10' title='bbox 905 314 1237 376; x_wconf 79' lang='lat' dir='ltr'><strong>perpetuitatem</strong></span> <span class='ocrx_word' id='word_1_11' title='bbox 1255 349 1267 368; x_wconf 90' lang='lat'>‚</span> <span class='ocrx_word' id='word_1_12' title='bbox 1301 315 1452 361; x_wconf 86' lang='lat' dir='ltr'><strong>omnia</strong></span> 
     </span>
     <span class='ocr_line' id='line_1_3' title="bbox 179 384 1451 451; baseline -0.001 -17"><span class='ocrx_word' id='word_1_13' title='bbox 179 388 325 451; x_wconf 86' lang='lat' dir='ltr'><strong>potius</strong></span> <span class='ocrx_word' id='word_1_14' title='bbox 346 404 476 450; x_wconf 90' lang='lat' dir='ltr'><strong>quam</strong></span> <span class='ocrx_word' id='word_1_15' title='bbox 503 403 602 433; x_wconf 85' lang='lat' dir='ltr'><strong>eum</strong></span> <span class='ocrx_word' id='word_1_16' title='bbox 632 387 700 432; x_wconf 88' lang='lat' dir='ltr'><strong>cui</strong></span> <span class='ocrx_word' id='word_1_17' title='bbox 721 386 862 431; x_wconf 80' lang='lat' dir='ltr'><strong>dabat.</strong></span> <span class='ocrx_word' id='word_1_18' title='bbox 894 386 1015 444; x_wconf 84' lang='lat' dir='ltr'>Quid</span> <span class='ocrx_word' id='word_1_19' title='bbox 1033 384 1061 430; x_wconf 83' lang='lat' dir='ltr'>fi</span> <span class='ocrx_word' id='word_1_20' title='bbox 1081 386 1180 449; x_wconf 83' lang='lat' dir='ltr'><strong>quis</strong></span> <span class='ocrx_word' id='word_1_21' title='bbox 1200 386 1451 447; x_wconf 76' lang='lat' dir='ltr'>sapientiam</span> 
     </span>
     <span class='ocr_line' id='line_1_4' title="bbox 181 457 1454 521; baseline -0.003 -13"><span class='ocrx_word' id='word_1_22' title='bbox 181 460 435 508; x_wconf 85' lang='lat' dir='ltr'><strong>consecutus</strong></span> <span class='ocrx_word' id='word_1_23' title='bbox 450 496 462 516; x_wconf 87' lang='lat'>,</span> <span class='ocrx_word' id='word_1_24' title='bbox 483 459 592 505; x_wconf 88' lang='lat' dir='ltr'><strong>hanc</strong></span> <span class='ocrx_word' id='word_1_25' title='bbox 619 459 729 521; x_wconf 85' lang='lat' dir='ltr'><strong>patri</strong></span> <span class='ocrx_word' id='word_1_26' title='bbox 749 457 999 513; x_wconf 74' lang='lat' dir='ltr'><strong>tradiderit,</strong></span> <span class='ocrx_word' id='word_1_27' title='bbox 1016 458 1146 503; x_wconf 81' lang='lat' dir='ltr'><strong>etiam</strong></span> <span class='ocrx_word' id='word_1_28' title='bbox 1168 475 1284 504; x_wconf 88' lang='lat' dir='ltr'><strong>nunc</strong></span> <span class='ocrx_word' id='word_1_29' title='bbox 1311 459 1454 520; x_wconf 84' lang='lat' dir='ltr'><strong>dispu-</strong></span> 
     </span>
     <span class='ocr_line' id='line_1_5' title="bbox 179 529 1450 593; baseline -0.002 -14"><span class='ocrx_word' id='word_1_30' title='bbox 179 533 392 589; x_wconf 87' lang='lat' dir='ltr'><strong>tabimus,</strong></span> <span class='ocrx_word' id='word_1_31' title='bbox 417 548 468 577; x_wconf 83' lang='lat' dir='ltr'><strong>an</strong></span> <span class='ocrx_word' id='word_1_32' title='bbox 491 532 627 578; x_wconf 87' lang='lat' dir='ltr'><strong>maius</strong></span> <span class='ocrx_word' id='word_1_33' title='bbox 645 531 805 593; x_wconf 83' lang='lat' dir='ltr'><strong>aliquid</strong></span> <span class='ocrx_word' id='word_1_34' title='bbox 827 529 1023 583; x_wconf 83' lang='lat' dir='ltr'><strong>dederit,</strong></span> <span class='ocrx_word' id='word_1_35' title='bbox 1049 547 1179 593; x_wconf 88' lang='lat' dir='ltr'><strong>quam</strong></span> <span class='ocrx_word' id='word_1_36' title='bbox 1199 542 1450 591; x_wconf 87' lang='lat' dir='ltr'><strong>acceperat:</strong></span> 
     </span>
     <span class='ocr_line' id='line_1_6' title="bbox 181 603 1454 665; baseline -0.002 -15"><span class='ocrx_word' id='word_1_37' title='bbox 181 619 281 650; x_wconf 90' lang='lat' dir='ltr'><strong>cum</strong></span> <span class='ocrx_word' id='word_1_38' title='bbox 304 603 436 649; x_wconf 89' lang='lat' dir='ltr'><strong>vitam</strong></span> <span class='ocrx_word' id='word_1_39' title='bbox 459 603 627 649; x_wconf 80' lang='lat' dir='ltr'><strong>beatam</strong></span> <span class='ocrx_word' id='word_1_40' title='bbox 645 604 754 665; x_wconf 88' lang='lat' dir='ltr'><strong>patri</strong></span> <span class='ocrx_word' id='word_1_41' title='bbox 774 604 1034 657; x_wconf 82' lang='lat' dir='ltr'><strong>reddiderit,</strong></span> <span class='ocrx_word' id='word_1_42' title='bbox 1049 603 1264 664; x_wconf 87' lang='lat' dir='ltr'><strong>acceperit</strong></span> <span class='ocrx_word' id='word_1_43' title='bbox 1284 615 1454 648; x_wconf 82' lang='lat' dir='ltr'><strong>tantum</strong></span> 
     </span>
     <span class='ocr_line' id='line_1_7' title="bbox 180 675 1455 738; baseline 0 -16"><span class='ocrx_word' id='word_1_44' title='bbox 180 675 348 722; x_wconf 80' lang='lat' dir='ltr'><strong>vitam?</strong></span> <span class='ocrx_word' id='word_1_45' title='bbox 370 677 450 721; x_wconf 87' lang='lat' dir='ltr'><strong>Sed</strong></span> <span class='ocrx_word' id='word_1_46' title='bbox 472 677 600 737; x_wconf 85' lang='lat' dir='ltr'><strong>patris</strong></span> <span class='ocrx_word' id='word_1_47' title='bbox 619 714 630 731; x_wconf 90' lang='lat'>,</span> <span class='ocrx_word' id='word_1_48' title='bbox 655 677 795 738; x_wconf 86' lang='lat' dir='ltr'><strong>inquit</strong></span> <span class='ocrx_word' id='word_1_49' title='bbox 810 712 823 731; x_wconf 92' lang='lat'><strong>‚</strong></span> <span class='ocrx_word' id='word_1_50' title='bbox 853 675 1113 738; x_wconf 73' lang='lat' dir='ltr'><strong>beneficium</strong></span> <span class='ocrx_word' id='word_1_51' title='bbox 1132 675 1192 722; x_wconf 89' lang='lat' dir='ltr'><strong>est</strong></span> <span class='ocrx_word' id='word_1_52' title='bbox 1209 713 1221 732; x_wconf 86' lang='lat'><strong>‚</strong></span> <span class='ocrx_word' id='word_1_53' title='bbox 1241 675 1455 738; x_wconf 88' lang='lat' dir='ltr'><strong>quidquid</strong></span> 
     </span>
     <span class='ocr_line' id='line_1_8' title="bbox 181 746 1455 811; baseline 0.001 -18"><span class='ocrx_word' id='word_1_54' title='bbox 181 746 316 804; x_wconf 84' lang='lat' dir='ltr'><strong>facis,</strong></span> <span class='ocrx_word' id='word_1_55' title='bbox 348 748 560 811; x_wconf 86' lang='lat' dir='ltr'><strong>quidquid</strong></span> <span class='ocrx_word' id='word_1_56' title='bbox 590 749 802 811; x_wconf 87' lang='lat' dir='ltr'><strong>praestare</strong></span> <span class='ocrx_word' id='word_1_57' title='bbox 826 747 886 793; x_wconf 86' lang='lat' dir='ltr'><strong>illi</strong></span> <span class='ocrx_word' id='word_1_58' title='bbox 914 762 1051 809; x_wconf 87' lang='lat' dir='ltr'><strong>potes.</strong></span> <span class='ocrx_word' id='word_1_59' title='bbox 1082 750 1134 794; x_wconf 87' lang='lat' dir='ltr'><strong>Et</strong></span> <span class='ocrx_word' id='word_1_60' title='bbox 1159 749 1455 810; x_wconf 76' lang='lat' dir='ltr'><strong>praeceptoris</strong></span> 
     </span>
     <span class='ocr_line' id='line_1_9' title="bbox 179 819 1454 883; baseline -0.001 -17"><span class='ocrx_word' id='word_1_61' title='bbox 179 819 293 874; x_wconf 88' lang='lat' dir='ltr'><strong>mei,</strong></span> <span class='ocrx_word' id='word_1_62' title='bbox 318 821 438 883; x_wconf 87' lang='lat' dir='ltr'><strong>quod</strong></span> <span class='ocrx_word' id='word_1_63' title='bbox 465 821 662 867; x_wconf 85' lang='lat' dir='ltr'><strong>institutis</strong></span> <span class='ocrx_word' id='word_1_64' title='bbox 685 821 930 867; x_wconf 75' lang='lat' dir='ltr'><strong>liberalibus</strong></span> <span class='ocrx_word' id='word_1_65' title='bbox 951 820 1131 882; x_wconf 79' lang='lat' dir='ltr'><strong>profeci.</strong></span> <span class='ocrx_word' id='word_1_66' title='bbox 1150 821 1266 883; x_wconf 83' lang='lat' dir='ltr'><strong>Ipsos</strong></span> <span class='ocrx_word' id='word_1_67' title='bbox 1284 833 1454 876; x_wconf 84' lang='lat' dir='ltr'><strong>tamen,</strong></span> 
     </span>
     <span class='ocr_line' id='line_1_10' title="bbox 181 891 1455 955; baseline -0.001 -18"><span class='ocrx_word' id='word_1_68' title='bbox 181 891 257 955; x_wconf 88' lang='lat' dir='ltr'><strong>qui</strong></span> <span class='ocrx_word' id='word_1_69' title='bbox 275 893 543 938; x_wconf 84' lang='lat' dir='ltr'><strong>tradiderunt</strong></span> <span class='ocrx_word' id='word_1_70' title='bbox 569 893 637 938; x_wconf 83' lang='lat' dir='ltr'><strong>illa</strong></span> <span class='ocrx_word' id='word_1_71' title='bbox 654 930 665 947; x_wconf 88' lang='lat'>‚</span> <span class='ocrx_word' id='word_1_72' title='bbox 685 893 1051 939; x_wconf 80' lang='lat' dir='ltr'><strong>transcendimus:</strong></span> <span class='ocrx_word' id='word_1_73' title='bbox 1078 892 1226 955; x_wconf 83' lang='lat' dir='ltr'><strong>utique</strong></span> <span class='ocrx_word' id='word_1_74' title='bbox 1247 908 1320 937; x_wconf 84' lang='lat' dir='ltr'><strong>eos</strong></span> <span class='ocrx_word' id='word_1_75' title='bbox 1337 928 1348 947; x_wconf 87' lang='lat'>‚</span> <span class='ocrx_word' id='word_1_76' title='bbox 1379 892 1455 953; x_wconf 82' lang='lat' dir='ltr'><strong>qui</strong></span> 
     </span>
     <span class='ocr_line' id='line_1_11' title="bbox 181 965 1456 1029; baseline 0.001 -20"><span class='ocrx_word' id='word_1_77' title='bbox 181 965 324 1028; x_wconf 86' lang='lat' dir='ltr'><strong>prima</strong></span> <span class='ocrx_word' id='word_1_78' title='bbox 351 965 559 1011; x_wconf 87' lang='lat' dir='ltr'><strong>elementa</strong></span> <span class='ocrx_word' id='word_1_79' title='bbox 581 966 840 1011; x_wconf 79' lang='lat' dir='ltr'><strong>docuerunt.</strong></span> <span class='ocrx_word' id='word_1_80' title='bbox 865 969 916 1012; x_wconf 79' lang='lat' dir='ltr'><strong>Et</strong></span> <span class='ocrx_word' id='word_1_81' title='bbox 938 966 1138 1029; x_wconf 85' lang='lat' dir='ltr'><strong>quamvis</strong></span> <span class='ocrx_word' id='word_1_82' title='bbox 1164 966 1250 1011; x_wconf 88' lang='lat' dir='ltr'><strong>fine</strong></span> <span class='ocrx_word' id='word_1_83' title='bbox 1279 965 1359 1011; x_wconf 85' lang='lat' dir='ltr'><strong>illis</strong></span> <span class='ocrx_word' id='word_1_84' title='bbox 1379 981 1456 1010; x_wconf 82' lang='lat' dir='ltr'><strong>ne-</strong></span> 
     </span>
     <span class='ocr_line' id='line_1_12' title="bbox 181 1036 1455 1101; baseline -0.001 -19"><span class='ocrx_word' id='word_1_85' title='bbox 181 1053 259 1083; x_wconf 88' lang='lat' dir='ltr'><strong>mo</strong></span> <span class='ocrx_word' id='word_1_86' title='bbox 287 1037 524 1101; x_wconf 76' lang='lat' dir='ltr'><strong>quidquam</strong></span> <span class='ocrx_word' id='word_1_87' title='bbox 551 1037 713 1099; x_wconf 73' lang='lat' dir='ltr'><strong>ass&#39;equi</strong></span> <span class='ocrx_word' id='word_1_88' title='bbox 742 1036 905 1099; x_wconf 79' lang='lat' dir='ltr'><strong>poffet,</strong></span> <span class='ocrx_word' id='word_1_89' title='bbox 931 1053 1021 1082; x_wconf 84' lang='lat' dir='ltr'><strong>non</strong></span> <span class='ocrx_word' id='word_1_90' title='bbox 1047 1049 1190 1083; x_wconf 87' lang='lat' dir='ltr'><strong>tamen</strong></span> <span class='ocrx_word' id='word_1_91' title='bbox 1220 1047 1455 1099; x_wconf 86' lang='lat' dir='ltr'><strong>quantum-</strong></span> 
     </span>
     <span class='ocr_line' id='line_1_13' title="bbox 182 1102 1458 1172; baseline -0.002 -16"><span class='ocrx_word' id='word_1_92' title='bbox 182 1127 354 1172; x_wconf 84' lang='lat' dir='ltr'><strong>cunque</strong></span> <span class='ocrx_word' id='word_1_93' title='bbox 374 1109 448 1172; x_wconf 87' lang='lat' dir='ltr'><strong>qui</strong></span> <span class='ocrx_word' id='word_1_94' title='bbox 470 1109 681 1156; x_wconf 75' lang='lat' dir='ltr'><strong>assecutus</strong></span> <span class='ocrx_word' id='word_1_95' title='bbox 705 1110 784 1165; x_wconf 81' lang='lat' dir='ltr'><strong>est,</strong></span> <span class='ocrx_word' id='word_1_96' title='bbox 813 1109 926 1156; x_wconf 85' lang='lat' dir='ltr'><strong>infra</strong></span> <span class='ocrx_word' id='word_1_97' title='bbox 946 1110 1040 1156; x_wconf 86' lang='lat' dir='ltr'><strong>illos</strong></span> <span class='ocrx_word' id='word_1_98' title='bbox 1060 1109 1132 1157; x_wconf 84' lang='lat' dir='ltr'><strong>est.</strong></span> <span class='ocrx_word' id='word_1_99' title='bbox 1176 1110 1360 1156; x_wconf 84' lang='lat' dir='ltr'><strong>multum</strong></span> <span class='ocrx_word' id='word_1_100' title='bbox 1392 1102 1458 1155; x_wconf 82' lang='lat' dir='ltr'><strong>in-</strong></span> 
     </span>
     <span class='ocr_line' id='line_1_14' title="bbox 181 1181 1457 1244; baseline -0.002 -15"><span class='ocrx_word' id='word_1_101' title='bbox 181 1194 247 1229; x_wconf 87' lang='lat' dir='ltr'><strong>ter</strong></span> <span class='ocrx_word' id='word_1_102' title='bbox 280 1182 420 1244; x_wconf 85' lang='lat' dir='ltr'><strong>prima</strong></span> <span class='ocrx_word' id='word_1_103' title='bbox 437 1199 486 1227; x_wconf 85' lang='lat' dir='ltr'><strong>ac</strong></span> <span class='ocrx_word' id='word_1_104' title='bbox 517 1182 705 1228; x_wconf 84' lang='lat' dir='ltr'><strong>maxima</strong></span> <span class='ocrx_word' id='word_1_105' title='bbox 725 1181 910 1228; x_wconf 84' lang='lat' dir='ltr'><strong>interest.</strong></span> <span class='ocrx_word' id='word_1_106' title='bbox 957 1183 1051 1228; x_wconf 88' lang='lat' dir='ltr'><strong>Nec</strong></span> <span class='ocrx_word' id='word_1_107' title='bbox 1069 1182 1171 1227; x_wconf 84' lang='lat' dir='ltr'><strong>ideo</strong></span> <span class='ocrx_word' id='word_1_108' title='bbox 1199 1183 1338 1243; x_wconf 85' lang='lat' dir='ltr'><strong>prima</strong></span> <span class='ocrx_word' id='word_1_109' title='bbox 1367 1198 1457 1228; x_wconf 80' lang='lat' dir='ltr'><strong>ma-</strong></span> 
     </span>
     <span class='ocr_line' id='line_1_15' title="bbox 183 1253 1457 1318; baseline 0 -17"><span class='ocrx_word' id='word_1_110' title='bbox 183 1256 408 1301; x_wconf 81' lang='lat' dir='ltr'><strong>ximorum</strong></span> <span class='ocrx_word' id='word_1_111' title='bbox 436 1255 563 1302; x_wconf 86' lang='lat' dir='ltr'><strong>instar</strong></span> <span class='ocrx_word' id='word_1_112' title='bbox 593 1254 716 1314; x_wconf 89' lang='lat' dir='ltr'><strong>sunt,</strong></span> <span class='ocrx_word' id='word_1_113' title='bbox 742 1256 845 1318; x_wconf 89' lang='lat' dir='ltr'><strong>quia</strong></span> <span class='ocrx_word' id='word_1_114' title='bbox 872 1254 957 1301; x_wconf 78' lang='lat' dir='ltr'><strong>sine</strong></span> <span class='ocrx_word' id='word_1_115' title='bbox 984 1254 1134 1317; x_wconf 85' lang='lat' dir='ltr'><strong>primis</strong></span> <span class='ocrx_word' id='word_1_116' title='bbox 1160 1255 1349 1301; x_wconf 82' lang='lat' dir='ltr'><strong>maxima</strong></span> <span class='ocrx_word' id='word_1_117' title='bbox 1373 1253 1457 1301; x_wconf 80' lang='lat' dir='ltr'><strong>effe</strong></span> 
     </span>
     <span class='ocr_line' id='line_1_16' title="bbox 183 1326 490 1388; baseline -0.01 -14"><span class='ocrx_word' id='word_1_118' title='bbox 183 1344 274 1374; x_wconf 88' lang='lat' dir='ltr'><strong>non</strong></span> <span class='ocrx_word' id='word_1_119' title='bbox 299 1326 490 1388; x_wconf 77' lang='lat' dir='ltr'><strong>possunt.</strong></span> 
     </span>
    </p>

    <p class='ocr_par' dir='ltr' id='par_1_3' title="bbox 182 1391 1462 2557">
     <span class='ocr_line' id='line_1_17' title="bbox 247 1391 1458 1461; baseline -0.002 -15"><span class='ocrx_word' id='word_1_120' title='bbox 247 1399 450 1446; x_wconf 84' lang='lat' dir='ltr'>XXXV.</span> <span class='ocrx_word' id='word_1_121' title='bbox 478 1400 566 1444; x_wconf 89' lang='lat' dir='ltr'><strong>Iam</strong></span> <span class='ocrx_word' id='word_1_122' title='bbox 593 1409 764 1461; x_wconf 86' lang='lat' dir='ltr'><strong>tempus</strong></span> <span class='ocrx_word' id='word_1_123' title='bbox 792 1396 852 1444; x_wconf 89' lang='lat' dir='ltr'><strong>est</strong></span> <span class='ocrx_word' id='word_1_124' title='bbox 881 1391 1092 1461; x_wconf 82' lang='lat' dir='ltr'><strong>quaedam</strong></span> <span class='ocrx_word' id='word_1_125' title='bbox 1119 1414 1173 1444; x_wconf 85' lang='lat' dir='ltr'><strong>ex</strong></span> <span class='ocrx_word' id='word_1_126' title='bbox 1200 1397 1343 1444; x_wconf 86' lang='lat' dir='ltr'><strong>nostra</strong></span> <span class='ocrx_word' id='word_1_127' title='bbox 1373 1396 1458 1460; x_wconf 88' lang='lat' dir='ltr'><strong>(ut</strong></span> 
     </span>
     <span class='ocr_line' id='line_1_18' title="bbox 182 1469 1459 1535; baseline -0.005 -15"><span class='ocrx_word' id='word_1_128' title='bbox 182 1473 242 1520; x_wconf 86' lang='lat' dir='ltr'><strong>ita</strong></span> <span class='ocrx_word' id='word_1_129' title='bbox 263 1469 431 1535; x_wconf 87' lang='lat' dir='ltr'><strong>dicam)</strong></span> <span class='ocrx_word' id='word_1_130' title='bbox 454 1484 627 1517; x_wconf 89' lang='lat' dir='ltr'><strong>moneta</strong></span> <span class='ocrx_word' id='word_1_131' title='bbox 647 1471 849 1534; x_wconf 87' lang='lat' dir='ltr'><strong>proferri.</strong></span> <span class='ocrx_word' id='word_1_132' title='bbox 869 1471 959 1531; x_wconf 83' lang='lat' dir='ltr'><strong>Qui</strong></span> <span class='ocrx_word' id='word_1_133' title='bbox 982 1470 1025 1516; x_wconf 92' lang='lat' dir='ltr'><strong>id</strong></span> <span class='ocrx_word' id='word_1_134' title='bbox 1044 1469 1306 1518; x_wconf 86' lang='lat' dir='ltr'><strong>beneficium</strong></span> <span class='ocrx_word' id='word_1_135' title='bbox 1324 1469 1459 1526; x_wconf 86' lang='lat' dir='ltr'><strong>dedit,</strong></span> 
     </span>
     <span class='ocr_line' id='line_1_19' title="bbox 184 1542 1458 1610; baseline -0.003 -18"><span class='ocrx_word' id='word_1_136' title='bbox 184 1563 275 1609; x_wconf 89' lang='lat' dir='ltr'><strong>quo</strong></span> <span class='ocrx_word' id='word_1_137' title='bbox 293 1546 354 1592; x_wconf 86' lang='lat' dir='ltr'><strong>est</strong></span> <span class='ocrx_word' id='word_1_138' title='bbox 380 1546 497 1592; x_wconf 70' lang='lat' dir='ltr'><strong>aliud</strong></span> <span class='ocrx_word' id='word_1_139' title='bbox 518 1545 694 1602; x_wconf 88' lang='lat' dir='ltr'><strong>melius,</strong></span> <span class='ocrx_word' id='word_1_140' title='bbox 726 1546 867 1610; x_wconf 88' lang='lat' dir='ltr'><strong>potest</strong></span> <span class='ocrx_word' id='word_1_141' title='bbox 891 1545 1012 1593; x_wconf 88' lang='lat' dir='ltr'><strong>vinci</strong></span> <span class='ocrx_word' id='word_1_142' title='bbox 1042 1562 1052 1591; x_wconf 76' lang='grc' dir='ltr'>ε</span> <span class='ocrx_word' id='word_1_143' title='bbox 1082 1555 1202 1608; x_wconf 88' lang='lat' dir='ltr'><strong>pater</strong></span> <span class='ocrx_word' id='word_1_144' title='bbox 1225 1544 1342 1589; x_wconf 88' lang='lat' dir='ltr'><strong>dedit</strong></span> <span class='ocrx_word' id='word_1_145' title='bbox 1366 1542 1458 1588; x_wconf 81' lang='lat' dir='ltr'><strong>filio</strong></span> 
     </span>
     <span class='ocr_line' id='line_1_20' title="bbox 183 1617 1460 1683; baseline -0.003 -16"><span class='ocrx_word' id='word_1_146' title='bbox 183 1622 348 1674; x_wconf 87' lang='lat' dir='ltr'><strong>vitam;</strong></span> <span class='ocrx_word' id='word_1_147' title='bbox 371 1619 431 1666; x_wconf 86' lang='lat' dir='ltr'><strong>est</strong></span> <span class='ocrx_word' id='word_1_148' title='bbox 454 1628 597 1666; x_wconf 79' lang='lat' dir='ltr'><strong>autem</strong></span> <span class='ocrx_word' id='word_1_149' title='bbox 625 1620 788 1683; x_wconf 83' lang='lat' dir='ltr'><strong>aliquid</strong></span> <span class='ocrx_word' id='word_1_150' title='bbox 811 1620 898 1668; x_wconf 87' lang='lat' dir='ltr'><strong>vita</strong></span> <span class='ocrx_word' id='word_1_151' title='bbox 919 1619 1071 1666; x_wconf 74' lang='lat' dir='ltr'><strong>melius</strong></span> <span class='ocrx_word' id='word_1_152' title='bbox 1093 1637 1103 1665; x_wconf 89' lang='grc'>;</span> <span class='ocrx_word' id='word_1_153' title='bbox 1124 1620 1179 1665; x_wconf 88' lang='lat' dir='ltr'><strong>ita</strong></span> <span class='ocrx_word' id='word_1_154' title='bbox 1200 1633 1320 1681; x_wconf 85' lang='lat' dir='ltr'><strong>pater</strong></span> <span class='ocrx_word' id='word_1_155' title='bbox 1339 1617 1460 1665; x_wconf 87' lang='lat' dir='ltr'><strong>vinci</strong></span> 
     </span>
     <span class='ocr_line' id='line_1_21' title="bbox 184 1690 1462 1756; baseline -0.004 -18"><span class='ocrx_word' id='word_1_156' title='bbox 184 1692 325 1756; x_wconf 87' lang='lat' dir='ltr'><strong>potest</strong></span> <span class='ocrx_word' id='word_1_157' title='bbox 339 1729 352 1750; x_wconf 88' lang='lat'><em>‚</em></span> <span class='ocrx_word' id='word_1_158' title='bbox 373 1693 472 1756; x_wconf 88' lang='lat' dir='ltr'><strong>quia</strong></span> <span class='ocrx_word' id='word_1_159' title='bbox 491 1691 610 1738; x_wconf 78' lang='lat' dir='ltr'><strong>dedit</strong></span> <span class='ocrx_word' id='word_1_160' title='bbox 628 1691 888 1740; x_wconf 85' lang='lat' dir='ltr'><strong>beneficium</strong></span> <span class='ocrx_word' id='word_1_161' title='bbox 905 1724 919 1748; x_wconf 90' lang='lat'>‚</span> <span class='ocrx_word' id='word_1_162' title='bbox 939 1709 1032 1756; x_wconf 89' lang='lat' dir='ltr'><strong>quo</strong></span> <span class='ocrx_word' id='word_1_163' title='bbox 1048 1691 1109 1737; x_wconf 91' lang='lat' dir='ltr'><strong>est</strong></span> <span class='ocrx_word' id='word_1_164' title='bbox 1121 1692 1281 1755; x_wconf 84' lang='lat' dir='ltr'><strong>aliquid</strong></span> <span class='ocrx_word' id='word_1_165' title='bbox 1299 1690 1462 1736; x_wconf 80' lang='lat' dir='ltr'><strong>melius.</strong></span> 
     </span>
     <span class='ocr_line' id='line_1_22' title="bbox 183 1763 1460 1827; baseline -0.005 -14"><span class='ocrx_word' id='word_1_166' title='bbox 183 1767 457 1822; x_wconf 80' lang='lat' dir='ltr'><strong>Etiamnum,</strong></span> <span class='ocrx_word' id='word_1_167' title='bbox 487 1764 563 1827; x_wconf 89' lang='lat' dir='ltr'><strong>qui</strong></span> <span class='ocrx_word' id='word_1_168' title='bbox 592 1764 711 1810; x_wconf 88' lang='lat' dir='ltr'><strong>dedit</strong></span> <span class='ocrx_word' id='word_1_169' title='bbox 737 1764 867 1811; x_wconf 85' lang='lat' dir='ltr'><strong>alicui</strong></span> <span class='ocrx_word' id='word_1_170' title='bbox 898 1765 1064 1819; x_wconf 81' lang='lat' dir='ltr'><strong>vitam,</strong></span> <span class='ocrx_word' id='word_1_171' title='bbox 1096 1763 1277 1809; x_wconf 75' lang='lat' dir='ltr'><strong>fisemel</strong></span> <span class='ocrx_word' id='word_1_172' title='bbox 1307 1775 1349 1808; x_wconf 90' lang='lat' dir='ltr'><strong>et</strong></span> <span class='ocrx_word' id='word_1_173' title='bbox 1378 1763 1460 1808; x_wconf 85' lang='lat' dir='ltr'><strong>ite-</strong></span> 
     </span>
     <span class='ocr_line' id='line_1_23' title="bbox 182 1834 1461 1900; baseline -0.005 -14"><span class='ocrx_word' id='word_1_174' title='bbox 182 1856 280 1886; x_wconf 85' lang='lat' dir='ltr'><strong>rum</strong></span> <span class='ocrx_word' id='word_1_175' title='bbox 308 1839 511 1885; x_wconf 85' lang='lat' dir='ltr'><strong>liberatus</strong></span> <span class='ocrx_word' id='word_1_176' title='bbox 539 1837 598 1883; x_wconf 86' lang='lat' dir='ltr'><strong>est</strong></span> <span class='ocrx_word' id='word_1_177' title='bbox 624 1838 779 1884; x_wconf 82' lang='lat' dir='ltr'><strong>mortis</strong></span> <span class='ocrx_word' id='word_1_178' title='bbox 798 1837 1018 1900; x_wconf 83' lang='lat' dir='ltr'><strong>periculo,</strong></span> <span class='ocrx_word' id='word_1_179' title='bbox 1037 1834 1172 1881; x_wconf 82' lang='lat' dir='ltr'><strong>maius</strong></span> <span class='ocrx_word' id='word_1_180' title='bbox 1198 1836 1363 1896; x_wconf 85' lang='lat' dir='ltr'><strong>accepit</strong></span> <span class='ocrx_word' id='word_1_181' title='bbox 1384 1836 1461 1880; x_wconf 85' lang='lat' dir='ltr'><strong>be-</strong></span> 
     </span>
     <span class='ocr_line' id='line_1_24' title="bbox 184 1908 1458 1975; baseline -0.005 -16"><span class='ocrx_word' id='word_1_182' title='bbox 184 1911 387 1959; x_wconf 85' lang='lat' dir='ltr'><strong>neficium</strong></span> <span class='ocrx_word' id='word_1_183' title='bbox 406 1943 420 1966; x_wconf 88' lang='lat'>‚</span> <span class='ocrx_word' id='word_1_184' title='bbox 456 1928 588 1975; x_wconf 86' lang='lat' dir='ltr'><strong>quam</strong></span> <span class='ocrx_word' id='word_1_185' title='bbox 620 1910 741 1956; x_wconf 87' lang='lat' dir='ltr'><strong>dedit</strong></span> <span class='ocrx_word' id='word_1_186' title='bbox 773 1928 783 1955; x_wconf 91' lang='lat'>:</span> <span class='ocrx_word' id='word_1_187' title='bbox 811 1926 931 1973; x_wconf 81' lang='lat' dir='ltr'><strong>pater</strong></span> <span class='ocrx_word' id='word_1_188' title='bbox 963 1921 1104 1955; x_wconf 83' lang='lat' dir='ltr'><strong>autem</strong></span> <span class='ocrx_word' id='word_1_189' title='bbox 1134 1909 1270 1954; x_wconf 87' lang='lat' dir='ltr'><strong>vitam</strong></span> <span class='ocrx_word' id='word_1_190' title='bbox 1307 1908 1458 1953; x_wconf 85' lang='lat' dir='ltr'><strong>dedit:</strong></span> 
     </span>
     <span class='ocr_line' id='line_1_25' title="bbox 185 1981 1458 2050; baseline -0.005 -18"><span class='ocrx_word' id='word_1_191' title='bbox 185 1987 328 2050; x_wconf 86' lang='lat' dir='ltr'><strong>potest</strong></span> <span class='ocrx_word' id='word_1_192' title='bbox 363 2003 496 2050; x_wconf 79' lang='lat' dir='ltr'><strong>ergo,</strong></span> <span class='ocrx_word' id='word_1_193' title='bbox 530 1985 560 2030; x_wconf 90' lang='lat' dir='ltr'><strong>fi</strong></span> <span class='ocrx_word' id='word_1_194' title='bbox 591 1983 753 2046; x_wconf 86' lang='lat' dir='ltr'><strong>saepius</strong></span> <span class='ocrx_word' id='word_1_195' title='bbox 786 1984 983 2045; x_wconf 80' lang='lat' dir='ltr'><strong>periculo</strong></span> <span class='ocrx_word' id='word_1_196' title='bbox 1016 1981 1171 2028; x_wconf 87' lang='lat' dir='ltr'><strong>mortis</strong></span> <span class='ocrx_word' id='word_1_197' title='bbox 1204 1982 1406 2027; x_wconf 81' lang='lat' dir='ltr'><strong>liberatus</strong></span> <span class='ocrx_word' id='word_1_198' title='bbox 1435 1998 1458 2026; x_wconf 81' lang='lat' dir='ltr'><strong>a</strong></span> 
     </span>
     <span class='ocr_line' id='line_1_26' title="bbox 187 2054 1460 2116; baseline -0.003 -13"><span class='ocrx_word' id='word_1_199' title='bbox 187 2057 281 2104; x_wconf 86' lang='lat' dir='ltr'><strong>filio</strong></span> <span class='ocrx_word' id='word_1_200' title='bbox 310 2057 462 2113; x_wconf 90' lang='lat' dir='ltr'><strong>fuerit,</strong></span> <span class='ocrx_word' id='word_1_201' title='bbox 488 2057 623 2102; x_wconf 81' lang='lat' dir='ltr'><strong>maius</strong></span> <span class='ocrx_word' id='word_1_202' title='bbox 648 2055 913 2102; x_wconf 86' lang='lat' dir='ltr'><strong>beneficium</strong></span> <span class='ocrx_word' id='word_1_203' title='bbox 941 2055 1163 2116; x_wconf 85' lang='lat' dir='ltr'><strong>acccipere</strong></span> <span class='ocrx_word' id='word_1_204' title='bbox 1181 2088 1195 2111; x_wconf 91' lang='lat'>,</span> <span class='ocrx_word' id='word_1_205' title='bbox 1223 2070 1352 2116; x_wconf 88' lang='lat' dir='ltr'><strong>quam</strong></span> <span class='ocrx_word' id='word_1_206' title='bbox 1385 2054 1460 2099; x_wconf 84' lang='lat' dir='ltr'><strong>de-</strong></span> 
     </span>
     <span class='ocr_line' id='line_1_27' title="bbox 187 2127 1460 2191; baseline -0.003 -16"><span class='ocrx_word' id='word_1_207' title='bbox 187 2130 261 2176; x_wconf 82' lang='lat' dir='ltr'><strong>dit.</strong></span> <span class='ocrx_word' id='word_1_208' title='bbox 297 2129 390 2190; x_wconf 85' lang='lat' dir='ltr'><strong>Qui</strong></span> <span class='ocrx_word' id='word_1_209' title='bbox 406 2127 665 2176; x_wconf 85' lang='lat' dir='ltr'><strong>beneficium</strong></span> <span class='ocrx_word' id='word_1_210' title='bbox 686 2129 874 2191; x_wconf 84' lang='lat' dir='ltr'><strong>accepit,</strong></span> <span class='ocrx_word' id='word_1_211' title='bbox 893 2130 1026 2174; x_wconf 82' lang='lat' dir='ltr'><strong>maius</strong></span> <span class='ocrx_word' id='word_1_212' title='bbox 1047 2128 1212 2191; x_wconf 84' lang='lat' dir='ltr'><strong>accepit</strong></span> <span class='ocrx_word' id='word_1_213' title='bbox 1227 2164 1239 2185; x_wconf 94' lang='lat'>,</span> <span class='ocrx_word' id='word_1_214' title='bbox 1259 2143 1349 2190; x_wconf 87' lang='lat' dir='ltr'><strong>quo</strong></span> <span class='ocrx_word' id='word_1_215' title='bbox 1369 2143 1460 2172; x_wconf 85' lang='lat' dir='ltr'><strong>ma-</strong></span> 
     </span>
     <span class='ocr_line' id='line_1_28' title="bbox 186 2200 1454 2266; baseline -0.003 -18"><span class='ocrx_word' id='word_1_216' title='bbox 186 2202 251 2266; x_wconf 86' lang='lat' dir='ltr'><strong>gis</strong></span> <span class='ocrx_word' id='word_1_217' title='bbox 281 2219 336 2248; x_wconf 88' lang='lat' dir='ltr'><strong>eo</strong></span> <span class='ocrx_word' id='word_1_218' title='bbox 360 2202 551 2265; x_wconf 56' lang='lat' dir='ltr'><strong>indigen</strong></span> <span class='ocrx_word' id='word_1_219' title='bbox 579 2201 714 2264; x_wconf 84' lang='lat' dir='ltr'><strong>magis</strong></span> <span class='ocrx_word' id='word_1_220' title='bbox 736 2217 877 2247; x_wconf 82' lang='lat' dir='ltr'><strong>autem</strong></span> <span class='ocrx_word' id='word_1_221' title='bbox 904 2201 1065 2264; x_wconf 82' lang='lat' dir='ltr'><strong>indiget</strong></span> <span class='ocrx_word' id='word_1_222' title='bbox 1090 2202 1182 2246; x_wconf 91' lang='lat' dir='ltr'><strong>vita</strong></span> <span class='ocrx_word' id='word_1_223' title='bbox 1214 2200 1289 2262; x_wconf 88' lang='lat' dir='ltr'><strong>qui</strong></span> <span class='ocrx_word' id='word_1_224' title='bbox 1316 2200 1454 2256; x_wconf 76' lang='lat' dir='ltr'><strong>vivit,</strong></span> 
     </span>
     <span class='ocr_line' id='line_1_29' title="bbox 185 2273 1451 2340; baseline -0.002 -18"><span class='ocrx_word' id='word_1_225' title='bbox 185 2293 317 2338; x_wconf 85' lang='lat' dir='ltr'><strong>quam</strong></span> <span class='ocrx_word' id='word_1_226' title='bbox 338 2275 412 2340; x_wconf 91' lang='lat' dir='ltr'><strong>qui</strong></span> <span class='ocrx_word' id='word_1_227' title='bbox 433 2291 556 2322; x_wconf 86' lang='lat' dir='ltr'><strong>natus</strong></span> <span class='ocrx_word' id='word_1_228' title='bbox 582 2292 673 2321; x_wconf 87' lang='lat' dir='ltr'><strong>non</strong></span> <span class='ocrx_word' id='word_1_229' title='bbox 701 2276 760 2321; x_wconf 90' lang='lat' dir='ltr'><strong>est</strong></span> <span class='ocrx_word' id='word_1_230' title='bbox 776 2312 788 2333; x_wconf 85' lang='lat'>,</span> <span class='ocrx_word' id='word_1_231' title='bbox 809 2291 858 2321; x_wconf 81' lang='lat' dir='ltr'><strong>ut</strong></span> <span class='ocrx_word' id='word_1_232' title='bbox 885 2276 959 2337; x_wconf 87' lang='lat' dir='ltr'><strong>qui</strong></span> <span class='ocrx_word' id='word_1_233' title='bbox 980 2293 1034 2322; x_wconf 89' lang='lat' dir='ltr'><strong>ne</strong></span> <span class='ocrx_word' id='word_1_234' title='bbox 1055 2275 1247 2337; x_wconf 80' lang='lat' dir='ltr'><strong>indigere</strong></span> <span class='ocrx_word' id='word_1_235' title='bbox 1273 2273 1451 2335; x_wconf 85' lang='lat' dir='ltr'><strong>quidem</strong></span> 
     </span>
     <span class='ocr_line' id='line_1_30' title="bbox 186 2346 1455 2410; baseline -0.002 -17"><span class='ocrx_word' id='word_1_236' title='bbox 186 2349 372 2394; x_wconf 86' lang='lat' dir='ltr'><strong>omnino</strong></span> <span class='ocrx_word' id='word_1_237' title='bbox 402 2347 532 2410; x_wconf 82' lang='lat' dir='ltr'><strong>poffit</strong></span> <span class='ocrx_word' id='word_1_238' title='bbox 561 2365 572 2393; x_wconf 92' lang='lat'>:</span> <span class='ocrx_word' id='word_1_239' title='bbox 606 2349 742 2394; x_wconf 85' lang='lat' dir='ltr'><strong>maius</strong></span> <span class='ocrx_word' id='word_1_240' title='bbox 769 2364 874 2409; x_wconf 75' lang='lat' dir='ltr'><strong>ergo</strong></span> <span class='ocrx_word' id='word_1_241' title='bbox 904 2346 1163 2394; x_wconf 84' lang='lat' dir='ltr'><strong>beneficium</strong></span> <span class='ocrx_word' id='word_1_242' title='bbox 1189 2346 1345 2409; x_wconf 79' lang='lat' dir='ltr'><strong>accipit</strong></span> <span class='ocrx_word' id='word_1_243' title='bbox 1377 2362 1455 2408; x_wconf 83' lang='lat' dir='ltr'><strong>pa·-</strong></span> 
     </span>
     <span class='ocr_line' id='line_1_31' title="bbox 186 2420 1456 2485; baseline -0.002 -17"><span class='ocrx_word' id='word_1_244' title='bbox 186 2435 277 2477; x_wconf 89' lang='lat' dir='ltr'><strong>ter,</strong></span> <span class='ocrx_word' id='word_1_245' title='bbox 301 2422 330 2468; x_wconf 84' lang='lat' dir='ltr'><strong>fi</strong></span> <span class='ocrx_word' id='word_1_246' title='bbox 360 2422 494 2469; x_wconf 87' lang='lat' dir='ltr'><strong>vitam</strong></span> <span class='ocrx_word' id='word_1_247' title='bbox 521 2438 544 2466; x_wconf 87' lang='lat' dir='ltr'><strong>a</strong></span> <span class='ocrx_word' id='word_1_248' title='bbox 575 2420 668 2467; x_wconf 80' lang='lat' dir='ltr'><strong>filio</strong></span> <span class='ocrx_word' id='word_1_249' title='bbox 704 2423 871 2483; x_wconf 76' lang='lat' dir='ltr'><strong>accepit</strong></span> <span class='ocrx_word' id='word_1_250' title='bbox 892 2457 905 2477; x_wconf 93' lang='lat'>,</span> <span class='ocrx_word' id='word_1_251' title='bbox 942 2438 1072 2485; x_wconf 86' lang='lat' dir='ltr'><strong>quam</strong></span> <span class='ocrx_word' id='word_1_252' title='bbox 1105 2420 1216 2466; x_wconf 75' lang='lat' dir='ltr'><strong>filius</strong></span> <span class='ocrx_word' id='word_1_253' title='bbox 1249 2437 1270 2465; x_wconf 85' lang='lat' dir='ltr'><strong>a</strong></span> <span class='ocrx_word' id='word_1_254' title='bbox 1309 2435 1456 2482; x_wconf 75' lang='lat' dir='ltr'><strong>patre,</strong></span> 
     </span>
     <span class='ocr_line' id='line_1_32' title="bbox 188 2491 1445 2557; baseline -0.003 -16"><span class='ocrx_word' id='word_1_255' title='bbox 188 2494 309 2557; x_wconf 85' lang='lat' dir='ltr'><strong>quod</strong></span> <span class='ocrx_word' id='word_1_256' title='bbox 333 2506 454 2542; x_wconf 86' lang='lat' dir='ltr'><strong>natus</strong></span> <span class='ocrx_word' id='word_1_257' title='bbox 482 2493 553 2543; x_wconf 86' lang='lat' dir='ltr'><strong>est.</strong></span> <span class='ocrx_word' id='word_1_258' title='bbox 583 2495 718 2541; x_wconf 85' lang='lat' dir='ltr'><strong>Patris</strong></span> <span class='ocrx_word' id='word_1_259' title='bbox 750 2493 961 2542; x_wconf 82' lang='lat' dir='ltr'><strong>beneficia</strong></span> <span class='ocrx_word' id='word_1_260' title='bbox 984 2493 1103 2544; x_wconf 85' lang='lat' dir='ltr'><strong>vinci</strong></span> <span class='ocrx_word' id='word_1_261' title='bbox 1127 2511 1152 2540; x_wconf 84' lang='lat' dir='ltr'><strong>a</strong></span> <span class='ocrx_word' id='word_1_262' title='bbox 1183 2492 1260 2538; x_wconf 81' lang='lat' dir='ltr'><strong>filii</strong></span> <span class='ocrx_word' id='word_1_263' title='bbox 1289 2491 1445 2538; x_wconf 63' lang='lat' dir='ltr'><strong>benefi-</strong></span> 
     </span>
    </p>
   </div>
  </div>
 </body>
</html>
