1742 2967
320 176 426 230 DE
475 179 951 228 ‘CLEMENTiA
1001 181 1219 227 L113.1-.
1356 191 1414 240 ιγ

125 289 269 339 inania
288 290 468 336 nomina
496 288 833 352 praeferentium
849 323 862 346 ,
886 287 957 334 sed
973 304 1131 334 eorum
1158 288 1233 350 qui
1259 287 1415 352 imagi·

127 364 254 411 nibus
279 363 362 409 suis
385 361 536 409 decori
557 361 686 408 sunt?
714 362 784 408 Ne
808 374 947 408 totam
964 361 1055 407 eius
1074 361 1326 408 orationem
1345 378 1416 408 re-

127 437 349 499 petendo,
372 451 573 498 magnam
596 449 763 495 partem
785 433 1026 480 voluminis
1046 449 1290 496 occupem:
1313 433 1414 479 diu-

127 510 212 556 tius
236 510 351 555 enim
377 524 508 572 quam
537 507 707 553 duabus
734 505 854 552 horis
880 507 1079 553 locutum
1106 507 1191 554 effe
1220 506 1414 566 constat,

127 599 231 629 cum
258 583 368 629 hanc
387 597 578 644 poenam
594 616 609 637 ,
642 597 726 643 qua
744 579 831 626 sola
849 595 940 627 erat
963 592 1195 627 contentus
1215 581 1385 628 futurus
1399 614 1415 638 ,

127 659 406 704 extendet-et:
432 656 578 701 Vitam
609 655 686 702 tibi
704 693 715 707 ,
742 656 910 718 inquit,
938 657 1103 712 Cinna,
1133 657 1290 704 iterum
1322 655 1413 712 do,

126 720 246 794 prius
274 730 415 786 hosti,
446 742 561 776 nunc
593 729 836 776 insidiatori
865 746 916 776 ac
943 730 1197 792 parricidae.
1235 733 1299 776 Ex
1325 730 1416 777 ho-

127 803 284 850 dierno
308 804 379 849 die
398 803 512 849 inter
531 814 612 849 nos
631 802 820 849 amicitia
837 803 1020 865 incipiat
1040 821 1050 849 :
1074 803 1417 861 contendamusj

128 887 275 922 utrum
304 891 388 939 ego
421 875 608 921 meliore
637 874 723 922 fide
753 876 889 922 vitam
920 875 1001 922 tibi
1023 875 1250 934 dederim,
1285 892 1338 921 an
1365 890 1416 921 tu

129 951 299 997 debeas.
324 948 425 996 Post
444 951 550 997 haec
578 950 733 996 detulit
759 950 877 997 ultro
897 949 1192 1007 consulatum,
1220 949 1416 1011 questus,

130 1025 256 1088 quod
273 1041 364 1070 non
382 1026 558 1071 auderet
579 1035 726 1087 petere
743 1035 753 1070 ἐ
777 1023 1080 1070 amiciffimum
1099 1022 1415 1071 fideliffimum-

128 1116 216 1163 que
237 1099 412 1145 habuit:
440 1101 563 1145 heres
588 1099 702 1146 solus
725 1098 810 1145 fuit
832 1099 893 1146 illi
914 1115 924 1145 ε
947 1098 1077 1145 nullis
1104 1099 1288 1162 amplius
1319 1097 1415 1145 infi-

130 1172 212 1218 diis
239 1173 293 1218 ab
322 1172 398 1218 illo
428 1173 589 1235 petitus
613 1171 687 1219 esti
712 1185 715 1187 ·

196 1245 255 1290 X.
296 1244 475 1306 Ignovit
502 1245 666 1291 abavus
693 1257 795 1291 tuus
820 1243 961 1290 viciis.
986 1254 1086 1291 nam
1112 1242 1143 1290 fi
1169 1261 1260 1291 non
1283 1243 1413 1308 {gnos

131 1316 281 1372 visset,
313 1316 472 1380 quibus
498 1317 775 1380 imperaffet?
805 1317 1048 1364 Sallustium
1065 1351 1079 1374 ‚
1104 1331 1148 1366 et
1177 1317 1414 1375 Cocceios,

129 1401 174 1436 et
193 1386 387 1436 Duillios
402 1427 415 1445 ‚
441 1405 484 1435 et
509 1401 647 1436 totam
675 1389 907 1437 cohortem
926 1390 1091 1453 primae
1116 1389 1383 1437 admiffionis
1398 1423 1415 1447 ,

130 1478 187 1508 ex
211 1462 562 1509 adversariorum
582 1463 729 1511 castris
750 1463 1015 1527 conscripsit.
1044 1467 1133 1510 Iam
1164 1463 1414 1518 Domitios,

131 1535 372 1591 Meffallas,
400 1535 597 1593 Afinios‚
624 1535 889 1595 Cicerones,
908 1552 951 1583 et
978 1536 1196 1601 quidquid
1224 1536 1348 1583 floris
1367 1535 1415 1582 in

132 1607 311 1658 civitate
335 1622 451 1663 erat,
482 1608 736 1655 clementiae
765 1603 862 1655 suae
888 1608 1085 1656 debebat.-
1109 1609 1249 1672 Ipsum
1279 1608 1415 1672 Lepi*

134 1682 242 1727 dum
262 1682 471 1744 quamdiu
489 1682 605 1729 mori
629 1682 769 1744 passus
790 1681 881 1728 est?
910 1683 991 1728 Per
1003 1682 1165 1729 multos
1189 1698 1327 1728 annos
1346 1695 1415 1729 tu-i

133 1753 182 1799 lit
201 1766 459 1800 ornamenta
477 1753 688 1817 principis
711 1755 972 1801 retinentem
1003 1772 1014 1800 :
1041 1767 1085 1801 et
1105 1754 1415 1817 pontificatum

135 1826 371 1873 maximum
389 1854 403 1882 9
424 1842 515 1873 non
541 1826 618 1872 nisi
643 1839 824 1874 mortuo
848 1827 941 1885 illo,
959 1827 1185 1892 transferri
1202 1828 1247 1874 in
1264 1828 1306 1876 se
1325 1829 1416 1891 pai:⁵

136 1901 203 1946 sus
232 1898 307 1946 est.
335 1899 486 1946 maluit
513 1899 633 1946 enim
665 1900 787 1946 illum
819 1899 1041 1946 honorem
1074 1900 1254 1959 vocari,
1284 1915 1417 1966 quam

135 1973 338 2035 spolium.
383 1975 504 2020 Haec
534 1990 635 2021 eum
664 1974 892 2020 clementia
918 1974 972 2020 ad
998 1973 1179 2021 salutem
1209 1974 1418 2022 securita—

137 2058 314 2109 temque
339 2047 543 2110 perduxit
567 2066 577 2093 :
606 2048 714 2094 haec
741 2057 911 2111 gtatum
937 2065 986 2094 ac
1010 2047 1298 2095 favorabilem
1319 2048 1420 2095 red-³

139 2119 276 2174 didit;
308 2120 509 2182 quamvis
533 2122 731 2166 nondum
759 2120 941 2168 suba-Etis
968 2122 1248 2183 Reipublicae
1275 2123 1422 2170 cervia

141 2195 266 2242 cibus
301 2214 478 2243 manum
511 2196 779 2259 imposuisset
804 2213 815 2244 t
840 2197 947 2243 haec
984 2196 1209 2259 hodieque
1239 2196 1423 2259 praestat

143 2267 203 2313 illi
224 2266 407 2326 famam,
426 2285 536 2331 quae
555 2268 634 2315 vix
653 2268 772 2316 Vivis
796 2267 1069 2331 principibus
1096 2267 1241 2315 servit.
1270 2269 1422 2315 Deum

140 2340 225 2387 effe
261 2357 352 2386 non
390 2353 597 2404 tanquam
637 2342 731 2389 iuffi
767 2343 998 2390 credimus.
1049 2344 1221 2388 Bonum
1254 2342 1425 2405 princi-⁵

142 2430 242 2478 pem
266 2413 511 2477 Augustum
527 2451 543 2472 ,
563 2430 605 2462 et
625 2415 735 2461 bene
760 2415 819 2460 illi
849 2414 1103 2462 convenisse
1127 2415 1318 2477 parentis
1336 2433 1425 2463 no-

141 2503 260 2541 men,
281 2485 472 2533 fatemur
492 2505 502 2533 :
522 2488 582 2534 ob
607 2488 767 2534 nullam
790 2488 915 2537 aliam
935 2490 1126 2546 causam,
1148 2507 1278 2552 quam
1299 2488 1427 2554 quod

205 2554 254 2599 L.
271 2556 393 2600 Arm.
422 2557 591 2601 Seneca.
618 2557 712 2601 Vol.
736 2555 801 2602 Il,
1166 2557 1202 2601 B
