1742 2967
321 204 411 263 ηε
574 201 624 250 L.
670 200 966 248 ANNAEI
1018 199 1374 249 SENECAE

307 325 491 374 tequam
520 309 924 373 interpellaremur,
952 309 1039 372 ipsa
1068 309 1344 357 festinatione
1372 309 1594 373 approbes

313 402 422 432 mus.
449 384 844 446 Quemadmodum
862 384 906 430 in
927 384 1067 447 aegris
1092 384 1399 447 opportunitas
1425 383 1510 430 cibi
1531 383 1595 430 sa-

304 457 459 506 lutaris
489 458 572 525 est,
606 472 650 504 et
674 474 785 520 aqua
814 457 1072 520 tempestive
1104 457 1199 502 data
1228 457 1412 503 remedii
1443 456 1596 502 locum

313 531 507 577 obtinuit
526 549 535 576 :
557 530 616 576 ita
635 529 839 592 quamvis
857 530 955 575 leve
975 541 1018 575 et
1037 527 1215 590 vulgare
1239 527 1503 574 beneficium
1522 526 1596 586 fit,

313 602 346 648 fi
381 601 550 664 praesto
581 600 693 657 fuit,
729 599 760 644 fi
784 600 1035 662 proximam
1066 614 1285 662 quamque
1316 601 1470 645 horam
1499 613 1594 644 non

314 675 533 739 perdidit,
563 674 748 721 multum
774 673 850 719 fibi
881 672 1057 729 adiicit,
1088 673 1357 736 gratiamque
1382 670 1559 735 pretiosi
1580 705 1596 729 ,

314 748 388 794 sed
407 747 513 794 lenti
532 761 575 793 et
595 748 671 793 diu
693 746 873 808 cogitati
897 746 1091 792 muneris
1118 745 1273 791 vincit.
1300 745 1392 805 Qui
1412 758 1500 791 tam
1519 760 1596 807 pa·-

311 831 406 865 rate
430 818 556 875 fecit,
574 834 665 863 non
686 816 748 863 est
770 813 953 862 dubium
969 851 982 874 ,
1011 815 1118 879 quin
1138 815 1326 862 libenter
1347 815 1487 864 faciat.
1508 818 1594 863 Ita-

307 909 401 957 ¹que
419 893 554 939 laetus
576 891 708 946 facit,
731 902 775 937 et
794 889 935 936 induit
956 889 1031 936 (ibi
1053 889 1185 934 animi
1205 889 1266 935 sui
1286 889 1471 935 vultum.

378 968 448 1013 ΠΙ.
464 967 660 1030 Ingentia
675 965 956 1030 quorundam
976 962 1204 1019 beneficia,
1218 962 1431 1009 silentium
1445 979 1518 1010 aut
1534 963 1597 1010 lo-

311 1040 478 1106 quendi
489 1041 681 1098 tarditas,
695 1040 859 1085 imitata
876 1037 1134 1101 gravitatem
1148 1049 1191 1083 et
1202 1036 1436 1095 tristitiam,
1451 1054 1597 1085 corru-

310 1115 403 1178 pit,
423 1131 523 1161 cum
541 1112 849 1176 promitterent
866 1112 993 1158 vultu
1010 1109 1280 1171 negantium.
1313 1109 1498 1168 Quanto
1513 1125 1597 1155 me-

310 1187 396 1235 lius
414 1185 600 1231 adiicere
616 1184 734 1229 bona
750 1182 886 1230 verba
904 1181 1033 1227 rebus
1049 1180 1193 1237 bonis,
1211 1192 1253 1226 et
1273 1179 1596 1242 praedicatione

311 1258 506 1305 humana
530 1257 806 1320 benignaque
825 1254 1137 1301 commendare
1163 1270 1274 1316 quae
1292 1253 1512 1315 praestes?
1546 1267 1596 1302 ut

313 1331 387 1378 -ille
408 1331 448 1377 se
470 1329 647 1393 castiget
667 1365 680 1386 ‚
707 1328 830 1392 quod
850 1327 1018 1373 tardior
1038 1327 1082 1372 in
1111 1326 1309 1389 rogando
1337 1325 1431 1373 fuit.
1468 1326 1598 1373 Adii-

312 1403 406 1449 cias
430 1402 531 1449 licet
565 1400 820 1447 familiarem
856 1398 1074 1462 querelam
1105 1415 1115 1442 ε
1149 1396 1315 1443 Irascor
1338 1397 1448 1456 tibi,
1473 1398 1597 1462 quod

314 1492 418 1521 cum
440 1472 601 1536 aliquid
633 1471 936 1527 desiderasses,
968 1487 1059 1516 non
1087 1469 1193 1516 clim
1219 1469 1326 1516 scire
1354 1487 1425 1517 me
1448 1472 1596 1518 volui-—

315 1547 399 1601 sti,
428 1546 550 1609 quod
577 1557 666 1590 tam
701 1542 929 1606 diiigenter
956 1541 1145 1605 rogasti,
1178 1543 1302 1605 quod
1328 1560 1595 1607 quemquam

310 1617 561 1665 adhibuisti.
603 1619 697 1679 Ego
726 1632 839 1662 vero
870 1615 1066 1678 gratulor
1093 1615 1234 1673 mihi,
1260 1616 1385 1678 quod
1409 1616 1598 1678 experiri

312 1694 513 1741 »animum
535 1708 683 1739 meum
712 1690 839 1750 libuit
858 1709 868 1736 z
889 1690 1037 1753 postea
1064 1690 1283 1754 quidquid
1305 1691 1567 1739 desiderabis
1581 1727 1599 1751 -,

314 1778 398 1813 tuo
423 1766 518 1812 iure
540 1763 703 1827 exiges.
735 1763 878 1810 Semel
895 1762 1119 1810 rusticitati
1137 1777 1238 1810 tuae
1255 1763 1506 1827 ignoscitur.
1525 1766 1598 1814 Sic

314 1840 506 1898 efficies,
534 1851 582 1887 ut
606 1840 800 1888 animum
831 1849 955 1885 tuum
982 1838 1120 1900 pluris
1145 1838 1364 1894 aestimet,
1393 1856 1522 1902 quam
1543 1840 1598 1886 il-

316 1912 394 1960 lud
420 1912 635 1977 quidquid
657 1912 744 1970 est,
765 1912 819 1959 ad
847 1914 969 1976 quod
988 1914 1224 1975 petendum
1248 1927 1444 1961 venerat.
1467 1916 1597 1964 Tunc

317 1984 380 2032 est
406 1985 573 2032 summa
611 1985 753 2032 virtus
787 1984 1044 2043 tribuentis,
1081 2000 1185 2033 tunc
1222 1986 1493 2050 benignitas,
1520 1988 1598 2035 ubi

316 2057 387 2104 ille
404 2056 481 2121 qui
506 2056 718 2114 ‘disceffin
742 2056 862 2103 dicet
887 2056 965 2102 sibi
986 2074 998 2102 :
1023 2058 1234 2120 Magnum
1263 2057 1396 2105 hodie
1423 2059 1595 2107 lucrum

318 2129 422 2178 feci,
448 2130 565 2176 malo
592 2129 717 2193 quod
745 2129 865 2176 illum
891 2128 1020 2174 talem
1050 2129 1230 2187 inveni,
1263 2147 1395 2194 quam
1424 2132 1455 2176 fi
1484 2132 1599 2177 mul-

318 2202 561 2266 tiplicatum
587 2202 674 2249 hoc
691 2202 747 2249 ad
765 2218 836 2249 me
854 2200 935 2247 alia
957 2202 1029 2247 via
1055 2202 1337 2264 pervenisset.
1368 2203 1485 2252 Huic
1504 2203 1596 2251 eius

314 2278 465 2323 animo
485 2294 711 2340 nunquam
732 2293 885 2340 parem
909 2275 1097 2325 referam
1116 2278 1314 2340 gratiam.

380 2353 458 2399 lV.
481 2354 542 2397 At
558 2350 754 2414 plerique
779 2351 895 2405 sunt,
921 2349 997 2411 qui
1015 2348 1226 2397 beneficia
1253 2349 1477 2413 asperitate
1497 2365 1596 2397 vei·-

316 2421 477 2471 borum
501 2435 543 2471 et
565 2422 794 2486 supercilio
819 2422 866 2472 in
894 2423 1047 2469 odium
1075 2422 1297 2470 adducunt
1312 2459 1327 2480 ,
1348 2439 1405 2469 eo
1429 2421 1595 2468 sermo-

313 2511 371 2543 ne
401 2497 487 2556 usi,
519 2513 565 2544 ea
589 2496 783 2561 superbia
802 2528 818 2551 ,
848 2509 895 2544 ut
920 2495 1166 2559 impetrasse
1187 2497 1423 2559 poeniteat,
1471 2495 1598 2542 Aliae
