1742 2967
322 268 332 270 ,γ
395 177 495 252 m:
544 205 993 254 BENEFICIIS
1039 209 1173 254 ΜΒ.
1218 210 1251 257 1.
1382 221 1460 272 135

185 306 283 359 li‘tus
302 309 394 370 est,
425 312 529 358 dum
560 329 701 359 meam
734 312 907 375 respicit
936 331 946 359 ε
975 313 1051 377 qui
1080 330 1170 360 non
1192 314 1468 362 voluntatem

184 395 349 434 tantum
382 385 563 432 iuvandi
593 385 770 443 habuit,
801 385 872 432 sed
902 386 1180 448 cupiditatem
1207 405 1218 433 z
1251 388 1324 451 qui
1350 390 1466 434 acci-

184 472 288 519 pere
315 455 356 502 se
385 457 554 520 putavit
589 457 882 513 beneficium,
915 474 1016 504 curn
1048 459 1168 505 daret
1201 476 1211 504 ε
1243 459 1317 521 qui
1348 459 1466 506 dedit

183 543 390 594 tanquam
419 543 699 594 recepturus,
724 531 890 594 recepit
915 543 1120 593 tanquam
1144 547 1234 577 non
1254 532 1463 578 dediffet:

183 603 258 666 qui
276 603 570 662 occasionem,
591 621 675 667 qua
696 603 933 666 prodesset,
952 618 993 650 et
1014 604 1253 665 occupavit
1275 615 1316 650 et
1336 620 1466 665 quae-

183 675 296 724 fivit.
335 677 504 724 Contra
532 678 700 741 ingrata
729 678 823 724 sunt
851 676 919 740 (ut
948 677 1070 740 dixi)
1101 678 1200 725 licet
1225 695 1274 725 re
1298 694 1346 725 ac
1372 678 1466 740 spe-

184 750 251 797 cie
282 767 434 814 magna
459 751 692 798 videantur
708 787 720 808 ‚
743 767 854 814 quae
879 751 996 797 danti
1023 762 1095 797 aut
1122 762 1467 814 extorquentur,

182 835 257 869 aut
287 822 493 871 excidunt
516 841 525 868 :
549 823 779 885 multoque
802 822 976 886 gravius
1002 822 1150 880 venit,
1179 824 1299 886 quod
1320 822 1434 869 facili
1450 859 1466 881 ‚

185 913 315 959 quam
353 897 475 960 quod
508 897 632 959 plena
661 914 792 942 manu
829 897 967 943 datur.
1003 898 1222 959 Exiguum
1252 896 1312 942 est
1343 896 1465 959 quod

183 968 228 1015 in
250 987 319 1016 me
341 970 527 1016 contulit
546 1003 558 1024 ,
584 968 653 1015 sed
675 970 860 1031 ampiius
883 985 970 1014 non
1000 969 1154 1030 potuit.
1176 971 1234 1014 At
1252 968 1321 1014 hic
1343 968 1465 1031 quod

184 1043 331 1100 dedit,
357 1059 562 1106 magnum
593 1041 682 1088 est:
711 1042 782 1087 sed
812 1040 1050 1096 dubitavit,
1081 1040 1153 1086 secl
1182 1040 1366 1097 distulit,
1396 1039 1468 1085 sed

185 1134 284 1163 cum
310 1117 458 1174 daret,
481 1115 666 1179 gemuit,
694 1115 765 1161 sed
794 1113 974 1176 superbe
1002 1113 1152 1170 dedit,
1183 1112 1255 1159 sed
1276 1113 1468 1159 circum-

183 1189 302 1245 tulit,
321 1200 362 1234 et
381 1188 550 1250 placere
577 1187 643 1245 ei,
663 1186 731 1234 cui
756 1186 991 1249 praestabat
1007 1221 1021 1244 ‚
1048 1186 1202 1233 noluit.
1235 1186 1467 1235 ambitioni

183 1261 330 1316 dedit,
361 1276 451 1304 non
481 1257 600 1304 mihi.

250 1336 369 1380 vm.
400 1332 569 1379 Socrati
602 1348 702 1379 cum
737 1330 873 1376 mulia
904 1330 1030 1377 multi
1062 1347 1143 1393 pro
1172 1331 1254 1378 suis
1282 1333 1468 1396 quisque

183 1407 456 1456 facultatibus
495 1405 706 1451 offerrent
737 1421 746 1449 :
789 1402 1017 1449 Aeschines
1060 1420 1224 1466 pauper
1259 1406 1470 1463 auditor,

183 1481 330 1539 Nihil,
354 1479 527 1542 inquit,
553 1479 736 1540 dignum
756 1490 797 1521 te
820 1476 944 1538 quod
965 1477 1064 1522 dai’e
1089 1476 1166 1522 tibi
1191 1477 1345 1539 poffim
1362 1514 1376 1536 ‚
1398 1479 1467 1524 in-

183 1555 351 1611 venio,
385 1565 426 1598 et
449 1553 536 1599 boc
567 1567 657 1597 uno
679 1549 818 1596 modo
846 1565 1080 1611 pauperem
1112 1546 1181 1595 m'e
1210 1550 1295 1595 effe
1316 1551 1468 1598 sentio.

183 1632 335 1692 ltaque
358 1628 481 1673 dono
501 1623 581 1670 tibi
599 1624 722 1685 quod
740 1639 876 1668 unum
898 1622 1039 1667 habeo
1058 1654 1071 1675 ,
1097 1624 1170 1668 Me
1190 1622 1343 1684 ipsum.
1365 1625 1469 1671 Hoc

183 1718 341 1750 munus
368 1715 480 1762 rogo
506 1696 806 1760 qualecunque
834 1693 919 1751 est,
948 1695 1056 1740 boni
1082 1695 1299 1753 consulas,
1338 1698 1467 1760 cogi-

182 1787 331 1837 tesque
355 1772 461 1818 alios
488 1787 587 1816 cum
617 1768 800 1813 muitum
829 1767 909 1812 tibi
937 1767 1115 1823 dare-nt,
1142 1768 1235 1829 plus
1258 1769 1333 1815 fibi
1363 1771 1468 1816 reli-

183 1846 334 1912 quisse.
358 1844 442 1891 Cui
462 1845 662 1888 Socrates
682 1876 694 1895 ,
717 1840 838 1900 Quid
857 1839 900 1884 ni
920 1850 965 1884 tu
981 1873 993 1895 ‚
1020 1840 1165 1902 inquit
1180 1876 1192 1897 ,
1213 1841 1318 1886 mibi
1340 1859 1464 1905 mag-

183 1939 288 1969 num
328 1935 484 1966 munus
515 1914 709 1971 dederis,
740 1913 815 1958 nisi
847 1912 960 1958 forte
993 1929 1134 1974 parvo
1165 1928 1208 1959 te
1238 1914 1466 1962 aestimas?

185 1994 372 2042 Habebo
404 1991 548 2051 itaque
581 2002 736 2041 curae,
767 1996 814 2030 ut
848 1995 890 2028 te
922 1983 1147 2029 meliorem
1178 1983 1255 2029 tibi
1286 1986 1465 2033 reddam

184 2083 317 2130 quam
338 2063 500 2124 accepi.
520 2059 638 2107 Vicit
665 2055 899 2103 Aeschines
917 2056 1004 2100 hoc
1026 2072 1203 2129 munere
1229 2057 1467 2106 Alcibiadis

186 2157 338 2204 parem
358 2136 522 2184 divitiis
542 2134 762 2189 animum,
782 2142 825 2177 et
846 2146 1023 2178 omnem
1045 2122 1252 2178 iuvenum
1277 2132 1465 2195 opulen-

184 2226 334 2262 torum
353 2207 710 2256 munincentiam.

252 2286 328 2332 1X.
357 2283 493 2330 Vides
519 2278 755 2344 quomodo
779 2276 948 2322 animus
976 2275 1172 2321 inveniat
1208 2276 1472 2326 liberalitatis

188 2359 439 2408 materiam,
468 2356 595 2402 etiam
625 2353 737 2398 inter
770 2349 1012 2413 angustias?
1047 2350 1236 2395 Videtur
1263 2351 1374 2397 mihi
1404 2351 1472 2398 di.-

185 2430 294 2479 xiffe
315 2448 324 2475 ε
358 2428 477 2474 Nihil
501 2424 622 2489 egisti
641 2422 844 2478 fortuna,
876 2422 998 2483 quod
1023 2437 1093 2466 me
1117 2438 1357 2483 pauperem
1385 2422 1472 2470 effe

188 2501 407 2554 voluisti·
444 2499 677 2565 expediam
708 2494 994 2544 nihilominus
1027 2494 1205 2604 dignpm
1242 2494 1346 2542 huic
1375 2494 1474 2545 viro
