1742 2967
285 201 350 261 ‘46
529 202 577 247 L.
630 201 923 248 ANNAEI
966 201 1323 249 SENECAE

331 307 383 343 ad
396 306 626 346 paullinum:
645 308 730 359 quid
742 309 792 345 ad
811 307 909 345 illum
920 310 941 347 ?
956 308 1049 362 adst
1061 310 1202 361 quisque
1217 311 1321 348 ducat
1333 340 1344 357 ‚
1371 322 1409 347 ut
1427 322 1554 348 παίωνι.-

324 367 450 420 fizpiat
457 383 474 415 ;
490 369 526 405 irz
538 380 674 420 portum
687 367 783 406 vitae
795 367 830 405 δ’
847 368 1018 420 honestum
1030 368 1138 406 otium
1143 370 1292 422 ficedat.
1306 368 1406 408 Mihi
1420 385 1529 409 voveo
1542 397 1557 415 o

329 427 365 465 δ’
380 429 488 468 nitor.

1370 562 1373 578 2

274 608 308 653 Ι.
347 540 628 656 MAtoR
649 620 746 667 pars
764 602 1019 653 mortalium
1033 642 1044 663 ,
1066 602 1254 654 Paulline
1269 641 1282 663 ,
1307 605 1363 653 de
1381 618 1557 654 naturae

278 678 548 742 malignitate
568 676 881 740 conqueritur,
914 681 1038 741 quod
1066 679 1112 727 in
1139 680 1346 743 exiguum
1373 680 1470 727 aevi
1489 681 1561 743 gi-

277 753 453 816 gnimur
468 788 481 811 ‚
515 751 638 815 quod
662 751 770 797 haec
794 763 880 797 tam
913 753 1154 813 velociter,
1181 766 1268 800 tam
1289 754 1437 817 rapide
1463 753 1557 801 dati

276 825 406 872 nobis
426 823 639 888 temporis
669 823 802 887 spatia
824 826 1056 874 decurrant
1082 845 1093 872 ε
1125 828 1237 874 adeo
1257 839 1305 873 ut
1322 863 1336 885 ‚
1366 828 1558 890 exceptis

277 899 519 945 admodum
548 897 724 961 paucis,
747 910 912 946 ceteros
943 900 986 946 in
1006 900 1101 963 ipso
1124 901 1241 948 vitae
1267 913 1473 963 apparatu
1493 901 1561 947 vi-

278 986 322 1020 ta
348 973 558 1020 destituat.
587 972 685 1017 Nec
711 970 812 1018 huic
832 970 1037 1034 publico,
1055 989 1105 1020 ut
1132 972 1394 1036 opinantur,
1421 973 1560 1029 malo,

277 1047 406 1094 turba
437 1058 604 1092 tantum
635 1056 679 1091 et
718 1044 973 1107 imprudens
1004 1047 1162 1108 vulgus
1189 1045 1434 1109 ingemuit:
1472 1045 1560 1091 cla-

277 1136 430 1167 rorum
463 1133 643 1181 quoque
671 1115 874 1163 virorum
906 1118 979 1164 hic
1009 1117 1186 1181 affectus
1220 1117 1415 1179 querelas
1443 1133 1560 1165 evo-

275 1191 407 1240 cavit.
437 1192 542 1237 Inde
570 1189 638 1236 illa
666 1189 848 1236 maximi
887 1190 1162 1237 medicorum
1189 1188 1447 1236 exclamatio
1471 1188 1563 1246 est‚'

277 1265 425 1312 Vitam
451 1264 635 1310 brevem
664 1260 778 1320 effe,
808 1263 984 1326 longam
1014 1278 1167 1310 artem.
1205 1262 1310 1309 Inde
1339 1261 1560 1309 Aristoteli

277 1354 381 1385 cum
406 1352 550 1382 rerum
574 1347 726 1382 natura
744 1334 963 1398 exigenti,
989 1334 1171 1382 minime
1197 1335 1469 1382 conveniens
1495 1335 1561 1381 sa-

277 1410 420 1474 pienti
450 1410 553 1458 viro
583 1409 635 1456 lis
661 1409 720 1457 est
742 1409 890 1455 :illam
921 1408 1180 1455 animalibus
1209 1421 1376 1456 tantum
1408 1409 1560 1456 indul-

280 1482 396 1542 fiffe,
428 1497 477 1530 ut
506 1482 638 1546 quina
670 1494 743 1529 aut
776 1482 886 1528 dena
915 1480 1055 1528 secula
1084 1482 1294 1540 edurent,
1323 1481 1495 1528 homini
1515 1482 1562 1529 in

280 1565 371 1601 tam
404 1554 538 1601 multa
564 1571 614 1602 ac
645 1571 801 1618 magna
831 1553 1010 1617 genito,
1037 1565 1161 1600 tanto
1195 1553 1444 1601 citeriorem
1470 1566 1563 1613 ter-¹

281 1628 452 1673 minum
480 1625 600 1673 stare.
620 1628 727 1672 Non
753 1625 958 1689 exiguum
987 1625 1202 1688 temporis
1229 1626 1466 1673 habemus:
1488 1623 1562 1672 sed

282 1698 471 1759 multum
488 1698 724 1761 perdimus.
755 1697 863 1744 Satis
893 1698 1025 1760 longa
1056 1697 1177 1756 vita,
1200 1711 1243 1745 et
1272 1697 1317 1744 in
1349 1697 1562 1743 maxima·

282 1789 379 1819 rum
403 1788 550 1818 rerum
580 1771 1007 1818 consummationem
1036 1770 1156 1836 large
1183 1772 1278 1818 data
1310 1771 1392 1828 est,
1412 1770 1441 1816 fi
1469 1783 1563 1818 tota

282 1845 394 1893 bene
411 1845 717 1892 collocaretur.
760 1845 844 1892 Sed
873 1845 947 1891 ubi
977 1860 1054 1907 per
1077 1845 1229 1890 luxum
1260 1861 1311 1891 ac
1334 1844 1561 1907 negligen-

283 1919 387 1965 tiam
415 1918 595 1976 defluit,
612 1917 688 1964 ubi
716 1918 821 1964 nulli
842 1918 905 1965 rei
932 1916 1075 1964 bonae
1101 1917 1392 1981 impenditur:
1412 1918 1563 1963 ultima

283 1992 462 2038 demum
490 1991 734 2039 neceffitate
754 2006 940 2054 cogente
956 2023 969 2045 ‚
999 2007 1130 2054 quam
1150 1991 1212 2036 ire
1233 2008 1324 2037 non
1345 1991 1563 2037 intellexi-

285 2080 411 2122 mus,
432 2063 620 2112 tranfiffe
650 2063 869 2111 sentimus.
905 2063 965 2108 Ita
983 2061 1064 2120 est,
1086 2078 1177 2109 non
1195 2062 1442 2126 accepimus
1462 2063 1563 2109 bre-

286 2154 390 2185 vem
419 2137 554 2185 vitam
576 2172 590 2196 ‚
610 2137 682 2184 sed
711 2137 895 2185 fecimus
915 2155 926 2184 ε
948 2154 1029 2184 nec
1046 2138 1200 2201 inopes
1221 2137 1311 2184 eius
1327 2174 1341 2195 ,
1358 2137 1430 2183 sed
1451 2153 1568 2199 pro-r

285 2209 376 2272 digi
395 2208 552 2257 sumus.
592 2210 709 2257 Sicut
728 2210 895 2272 amplae
913 2222 955 2257 et
978 2210 1119 2273 regiae
1138 2226 1244 2273 opes
1259 2245 1272 2268 ‚
1301 2210 1375 2256 ubi
1396 2210 1449 2255 ad
1474 2226 1563 2254 ma-

286 2280 375 2326 lum
407 2281 637 2328 dominum
666 2295 988 2344 pervenerunt,
1018 2295 1250 2329 momento
1277 2281 1560 2343 diffipantur:

289 2364 331 2398 at
359 2355 562 2416 quamvis
581 2355 808 2414 modicae,
838 2356 867 2401 fi
887 2356 1010 2402 bono
1039 2355 1208 2403 custodi
1229 2356 1409 2402 traditae
1438 2354 1562 2412 sunt,

287 2424 362 2469 usu
381 2427 601 2476 crescunt:
622 2428 680 2476 ita
700 2441 811 2476 aetas
832 2427 975 2475 nostra
990 2464 1004 2488 ‚
1022 2429 1134 2476 bene
1157 2427 1424 2492 disponenti,
1447 2427 1560 2476 mul«

284 2506 375 2542 tum
409 2509 537 2558 patet„
