1742 2967
296 155 387 202 302
517 139 566 185 L.
619 137 913 184 ANNAffl
967 137 1328 185 SENECAE

293 247 341 293 vi
368 246 589 304 fiiturum,
618 258 667 293 ut
689 262 844 303 omnes
869 245 1034 293 exsules
1065 256 1418 294 reverterentur:
1443 246 1565 307 Quid

294 321 374 367 tibi
392 354 408 377 ‚
438 320 609 383 inquit,
643 320 746 366 mali
774 318 859 366 feci
876 355 888 377 ,
918 332 964 366 ut
990 320 1108 375 mihi
1127 320 1329 383 peiorem'
1353 321 1566 379 reditum,

293 410 424 456 qnam
449 392 618 439 exitum
643 407 818 453 optares
839 389 856 436 ἓ
890 390 1011 436 Malo
1027 426 1039 447 ,
1066 404 1114 437 ut
1140 391 1276 452 patria
1298 390 1444 437 exsilio
1465 407 1566 438 meo

292 466 539 524 erubescat,
566 481 698 528 quam
726 464 864 510 reditu
889 475 1095 510 moereat.
1130 465 1237 510 Non
1265 463 1324 510 est
1349 463 1461 510 istud
1486 480 1565 510 ex-

236 537 241 540 *
291 538 431 585 filium
451 574 466 595 ‚
498 536 622 584 cuius
652 535 871 582 neminem
907 551 996 581 non
1027 535 1189 598 magis,
1220 551 1351 598 quam
1387 535 1566 581 damna-

291 623 384 658 tum
420 610 566 673 pudet.
594 607 984 670 Quemadmodum
1016 607 1074 653 illi
1106 607 1389 655 servaverunt
1418 608 1566 654 bono·

293 702 389 731 rum
409 684 571 731 civium
592 682 812 739 officium,
838 681 914 744 qui
935 680 1059 728 reddi
1076 679 1151 726 fibi
1169 692 1345 742 penates
1365 679 1466 742 suos
1484 695 1566 726 no-

291 760 464 807 luerunt
497 759 617 807 clade
650 758 907 812 communi,
939 756 1040 820 quia
1070 755 1201 802 satius
1224 766 1314 801 erat
1342 755 1452 801 duos
1477 754 1564 800 ini—

291 848 382 894 quo
402 830 518 877 malo
547 830 687 885 affici,
715 819 846 892 qu'am
875 845 1030 875 omnes
1049 826 1228 889 publico
1251 826 1340 872 :ita
1366 842 1459 872 non
1478 826 1564 872 ser·

290 915 365 952 vat
387 897 499 966 grati
526 901 716 948 hominis
745 899 946 946 affeffitm
963 931 977 954 ,
1008 899 1084 962 qui
1108 898 1217 945 bene
1238 899 1291 944 de
1317 898 1359 944 se
1391 915 1564 945 meren—

290 988 376 1022 tem
409 972 731 1027 difficultatibus
759 974 852 1018 vult
877 971 1099 1034 opprimi,
1128 987 1232 1034 quas
1267 970 1356 1033 ipse
1383 971 1565 1018 submo-

291 1060 420 1095 veat:
447 1048 525 1110 qui
558 1044 721 1093 etiamfi
745 1045 855 1090 be‘ne
886 1044 1078 1108 cogitat,
1106 1044 1216 1091 male
1242 1055 1456 1106 precatur.
1494 1046 1564 1092 Ne

291 1122 335 1167 in
367 1118 660 1182 patrocinium
692 1117 869 1179 quidem
889 1152 902 1174 ,
925 1117 1086 1163 nedum
1114 1117 1158 1162 in
1189 1116 1372 1180 g'loriam
1399 1116 1484 1175 est,
1504 1117 1568 1164 in·

287 1195 491 1243 cendium
513 1191 761 1239 exstinxiffe
775 1227 787 1249 ,
808 1191 927 1253 quod
953 1190 1120 1238 seceris.

369 1268 641 1314 XXXVIII.
691 1269 737 1312 In
784 1265 1043 1328 quibusdam
1087 1263 1335 1312 civitatibus
1377 1264 1577 1327 impium¹

296 1354 450 1388 votum
484 1340 655 1388 sceleris
676 1339 821 1387 vicem
848 1339 999 1385 tenuit.
1034 1338 1257 1384 Demades
1275 1348 1390 1383 certe
1423 1337 1565 1383 Athe—

292 1415 355 1461 nis
371 1431 498 1471 eum,
533 1412 608 1476 qui
633 1411 863 1459 neceffaria
890 1410 1113 1457 funeribus
1139 1409 1413 1464 venditabat,
1439 1410 1562 1455 dam-

292 1487 415 1533 navit
441 1521 454 1541 ,
496 1502 594 1532 cum
639 1483 858 1547 probaffet
897 1500 1102 1546 magnum
1147 1484 1313 1528 lucrum
1350 1481 1515 1544 optasse
1551 1499 1561 1528 :

291 1559 414 1622 quod
431 1559 685 1620 contingere
702 1555 768 1602 illi
787 1555 874 1601 fine
891 1556 1128 1601 multorum
1150 1566 1294 1601 morte
1316 1571 1406 1600 non
1436 1567 1566 1617 pote-

289 1641 369 1677 rat.
414 1631 580 1690 Quaeri
617 1642 761 1676 tamen
796 1628 937 1681 solet,
967 1644 1021 1672 an
1058 1627 1219 1673 merito
1249 1627 1472 1672 damnatus
1502 1626 1565 1672 fit.

289 1703 480 1750 Fortasse
512 1702 710 1765 optavit,
749 1717 840 1747 non
877 1717 925 1747 ut
957 1700 1103 1746 multis
1133 1700 1372 1753 venderet,
1404 1699 1478 1745 sed
1517 1711 1566 1745 ut

287 1793 418 1822 care:
441 1791 489 1824 ut
509 1793 651 1840 parvo
676 1775 752 1821 fibi
778 1774 1048 1829 constarent,
1078 1790 1188 1837 quae
1217 1773 1471 1819 venditurus
1501 1772 1564 1818 es-

286 1849 362 1905 set.
382 1849 499 1895 Cum
522 1848 688 1895 constet
708 1848 945 1911 negotiatio
965 1864 1020 1893 ex
1039 1858 1158 1892 emto
1178 1859 1219 1892 et
1238 1845 1419 1892 vendito
1433 1880 1444 1899 ‚
1463 1862 1566 1907 qua-

289 1922 338 1967 vre
365 1934 522 1968 votum
551 1921 641 1968 eius
663 1921 706 1966 in
735 1938 865 1966 unam
887 1932 1056 1983 partem
1076 1919 1233 1976 trahis,
1264 1936 1363 1964 cum
1393 1919 1564 1964 lucrum

289 2012 347 2041 ex
373 2005 555 2056 utraque
588 1993 669 2040 fit?
706 1995 927 2041 Praeterea
961 2009 1113 2039 omnes
1147 1992 1278 2048 licet,
1311 1990 1385 2053 qui
1415 1989 1460 2035 in
1489 1989 1565 2036 ista

291 2066 590 2128 negotiatione
618 2067 740 2123 sunt,
769 2066 976 2114 damnes:
1005 2081 1160 2111 omnes
1186 2065 1303 2111 enim
1330 2063 1446 2109 idem
1475 2078 1564 2110 vo-

290 2140 386 2185 lunt
401 2172 414 2195 ‚
436 2139 478 2185 id
498 2139 576 2198 est,
598 2138 708 2185 intra
727 2139 767 2185 se
789 2152 958 2200 optant.
983 2141 1187 2200 Magnam
1213 2136 1446 2182 hominum
1464 2150 1565 2195 par-

291 2227 379 2258 tem
413 2212 650 2260 damnabis.
675 2212 744 2259 cui
769 2212 885 2259 enim
911 2229 1003 2258 non
1026 2228 1078 2257 ex
1104 2211 1246 2256 alieno
1272 2208 1564 2254 incommodo

289 2284 496 2332 lucrum?
524 2286 652 2333 Miles
677 2286 837 2332 bellum
866 2296 1016 2348 optat,
1044 2284 1075 2329 s1
1100 2283 1297 2347 gloriam.
1325 2282 1561 2343 agricolam

288 2372 486 2404 annonae
517 2358 672 2405 caritas
697 2357 835 2420 erigit.
879 2357 1090 2420 eloquens
1127 2367 1268 2418 captat
1297 2352 1482 2417 pretium
1512 2367 1565 2397 ex

288 2426 430 2476 ‘mium
448 2446 648 2479 numero.
676 2429 858 2478 medicis
887 2428 1032 2493 gravis
1057 2443 1194 2476 annus
1222 2426 1269 2474 in
1293 2424 1470 2489 quaestu
1493 2423 1569 2470 est.

1721 550 1742 693 3

1727 843 1737 883 ‘i‘

1727 915 1737 965 4’.

1715 975 1718 978 ’
1728 968 1737 1023 ,1³

1729 1043 1739 1091 J

1730 1303 1733 1318 ,

1730 1326 1740 1429 3

1737 1479 1740 1510 ι
