1742 2967
291 222 319 265 6
548 220 595 265 L.
643 219 935 265 ANNAEI
988 218 1337 264 SENECAE

286 342 340 370 ex
361 324 501 372 solido
519 326 798 381 enascuntur,
819 337 1017 386 tempore
1039 325 1133 386 ipso
1155 325 1197 370 in
1228 326 1363 372 maius
1384 326 1559 373 melius·

288 413 372 459 que
401 398 659 460 procedunt.
691 399 894 457 Magnam
921 395 1065 442 adibat
1094 397 1228 442 aleam
1256 395 1444 458 populus
1468 398 1561 443 Ro-

287 485 469 526 manus,
501 485 603 516 cum
637 468 850 516 incertum
877 468 1005 526 esset,
1036 484 1128 530 quo
1159 469 1201 516 se
1226 468 1366 515 statim
1405 468 1562 516 nobilis

284 541 453 589 indoles
470 543 607 589 daret.
630 543 715 589 Iam
733 553 839 589 vota
859 541 1030 602 publica
1044 540 1197 587 intuto
1215 541 1324 587 sunt.
1344 557 1425 588 nec
1442 540 1558 587 enim

284 614 526 678 pericuium
558 614 647 672 est,
677 631 731 661 ne
757 629 800 660 te
826 614 962 661 subita
982 614 1046 661 tui
1075 614 1216 676 capiat
1238 614 1424 661 oblivi0.
1445 614 1562 660 Facit

284 687 463 750 quidem
490 686 647 734 avidos
678 687 810 733 nimia
838 685 1044 734 felicitas:
1075 703 1155 733 nec
1179 698 1267 733 tam
1300 698 1561 748 temperatae

284 755 543 818 cupiditates
571 757 667 804 sunt
695 773 913 820 unquam,
939 772 986 803 ut
1008 755 1054 802 in
1083 773 1140 803 eo
1167 757 1290 820 quod
1317 755 1532 819 contingit
1549 790 1563 812 ‚

286 829 491 877 desinant.
518 831 678 894 gradus
695 847 719 877 a
739 830 903 894 magnis
928 831 983 876 ad
1006 829 1173 878 maiora
1194 829 1243 878 fit
1262 847 1273 876 ε
1296 841 1339 877 et
1361 830 1452 892 spes
1478 828 1560 874 im-

284 902 558 963 probiffimas
587 904 934 966 complectuntur
966 903 1179 966 insperata
1208 903 1395 951 assecuti.
1445 903 1562 948 Oma

285 974 412 1023 nibus
436 986 582 1022 tamen
610 993 726 1022 nunc
755 975 927 1024 civibus
943 975 1040 1024 ‘tuis
1064 986 1108 1023 et
1129 976 1236 1023 haec
1255 973 1470 1023 confessio
1490 990 1565 1019 ex-

286 1048 515 1107 primitur,
534 1047 617 1097 effe
640 1048 790 1097 felices
816 1067 825 1096 τ
844 1061 888 1098 et
906 1050 1001 1106 illa,
1023 1049 1130 1096 nihil
1157 1049 1242 1096 iam
1271 1049 1338 1096 his
1358 1047 1564 1095 accedere

286 1121 417 1168 bonis
435 1122 559 1184 posse
574 1158 587 1179 ‚
607 1122 683 1168 nisi
713 1136 760 1171 ut
780 1138 990 1187 perpetua
1011 1123 1102 1170 sint.
1122 1122 1260 1170 Multa
1278 1121 1374 1168 illos
1401 1131 1567 1183 cogunt

286 1193 340 1239 ad
365 1195 475 1242 hanc
505 1195 823 1245 confeffionem
840 1232 854 1254 ,
879 1213 965 1260 qua
993 1196 1105 1243 nulla
1129 1195 1175 1242 in
1195 1193 1379 1242 homine
1400 1191 1568 1238 tardior

285 1265 348 1312 est
367 1283 378 1312 ε
400 1267 602 1315 securitas
620 1269 729 1324 alta,
751 1269 930 1316 affluens
959 1285 970 1314 :
1004 1267 1071 1314 ius
1096 1265 1220 1328 supra
1240 1281 1420 1312 omnem
1452 1263 1565 1309 iniu-

285 1337 394 1385 riam
434 1340 640 1400 positum.
677 1336 948 1386 Obversatur
987 1337 1124 1385 oculis
1161 1337 1384 1385 laetiffima
1420 1337 1564 1383 forma

288 1409 596 1472 Reipublicae,
621 1409 692 1456 cui
716 1410 770 1456 ad
801 1409 1010 1456 summam
1031 1409 1274 1457 libertatem
1293 1409 1399 1457 nihil
1418 1407 1533 1458 deest
1550 1442 1564 1461 ‚

286 1480 362 1526 nisi
389 1481 600 1543 pereundi
629 1482 817 1530 licentia.
845 1481 1080 1544 Praecipue
1109 1492 1258 1528 tamen
1290 1479 1480 1543 aequalis
1510 1480 1565 1526 ad

287 1555 507 1601 maximos
540 1554 742 1618 imosque
773 1552 977 1618 pervenit
1004 1553 1260 1602 clementiae
1291 1565 1391 1600 tuae
1420 1551 1564 1598 admi-

286 1626 414 1673 ratio.
443 1628 600 1674 Cetera
628 1628 742 1674 enim
768 1628 883 1675 bona
904 1625 1216 1689 pro-portione
1233 1625 1434 1672 fortunae
1465 1624 1563 1670 suae

287 1699 474 1763 quisque
499 1699 625 1747 sentit
649 1711 721 1747 aut
750 1700 967 1764 exspectat
997 1698 1166 1745 maiora
1194 1696 1456 1761 minoraque
1477 1713 1488 1741 ε
1509 1713 1563 1743 ex

286 1772 515 1819 clementia
538 1789 691 1820 omnes
714 1772 832 1820 idem
864 1772 1047 1837 sperant.
1081 1772 1179 1819 Nec
1207 1770 1269 1818 est
1297 1771 1525 1834 quisquam
1547 1801 1562 1824 ‚

288 1845 357 1892 cui
375 1862 463 1893 tam
492 1848 619 1893 valde
641 1846 891 1894 innocentia
909 1846 980 1894 sua
1002 1846 1192 1909 placeat,
1210 1856 1258 1891 ut
1278 1860 1367 1891 non
1389 1843 1497 1890 stare
1516 1843 1561 1889 in

288 1919 520 1981 conspectu
541 1919 814 1968 clementiam
835 1954 850 1978 ,
874 1930 1067 1982 paratam
1085 1916 1290 1964 humanis
1308 1914 1528 1964 erroribus
1546 1949 1561 1972 ,

285 1993 482 2053 gaudeat.

353 2068 402 2113 11.
431 2066 529 2114 Effe
557 2080 702 2113 autem
731 2066 901 2129 aliquos
933 2064 1046 2121 scio,
1076 2061 1151 2128 qui
1175 2059 1401 2111 clementia
1432 2058 1561 2123 pesti-

287 2153 409 2184 mum
435 2154 653 2201 quemque
679 2150 830 2201 putent
860 2137 1053 2185 sustineri
1083 2153 1093 2183 ε
1120 2134 1332 2199 quoniam
1357 2132 1432 2179 nisi
1461 2131 1558 2195 post

289 2211 454 2257 crimen
478 2211 740 2273 supervacua
761 2211 842 2268 est,
860 2224 903 2259 et
919 2211 1007 2258 sola
1021 2211 1126 2258 haec
1139 2209 1282 2258 virtus
1296 2208 1408 2255 inter
1428 2206 1560 2252 inno·

287 2297 435 2329 centes
455 2282 596 2329 cessat.
617 2285 700 2330 Sed
720 2283 911 2346 primum
929 2281 1130 2328 omnium
1152 2317 1165 2338 ,
1191 2281 1297 2328 ficut
1317 2277 1559 2327 medicinae

286 2355 402 2415 apud
424 2371 576 2418 aegros
603 2356 733 2412 usus,
763 2356 892 2403 etiam
923 2355 1039 2418 apud
1063 2354 1188 2402 sanos
1213 2355 1359 2401 honor
1378 2352 1439 2400 est
1460 2368 1472 2395 ε
1499 2351 1558 2398 ita

287 2427 559 2475 clementiam
592 2427 793 2490 quamvis
824 2443 968 2490 poena
1003 2426 1122 2490 digni
1153 2427 1368 2473 invocent
1384 2426 1406 2482 ,”“
1428 2423 1560 2470 etiam

287 2497 539 2549 innocentes
570 2502 733 2549 colunt.
766 2500 974 2563 Deinde,
1008 2500 1138 2550 habet
1169 2499 1276 2548 haec
1299 2498 1346 2547 in
1378 2495 1562 2562 persona
