1742 2967
381 197 482 248 DE
531 193 975 244 BENEFICIIS
1030 194 1157 240 LIB.
1206 192 1259 241 11.
1387 186 1475 240 16‘1‘

189 305 265 356 nbi
293 305 461 355 viderat
490 316 558 352 tot
587 304 718 351 millia
743 303 975 350 hominum
1006 300 1390 365 pugnantia‚·non
1416 315 1473 347 an

191 382 429 438 servirent,
449 379 522 426 sed
549 378 632 425 cui.
657 380 833 438 Quanta
857 392 967 422 vero
991 375 1108 421 illum
1129 386 1202 420 aut
1229 391 1374 422 rerum
1394 390 1471 421 na·-

191 469 314 503 turae
333 456 360 512 ζ
372 468 444 500 aut
469 452 587 499 urbis
611 452 708 499 suae
731 450 872 497 tenuit
895 448 1094 504 oblivio,
1119 448 1196 512 qui
1215 463 1306 494 uno
1335 448 1473 494 inter-

190 543 312 575 emto
330 562 343 583 ‚
372 525 623 572 defuturum
654 525 838 571 credidit
865 524 1021 579 alium,
1047 522 1123 586 qui
1148 522 1265 570 idem
1301 520 1434 568 vellet
1455 536 1470 566 ε

192 617 294 649 cum
316 599 580 663 Tarquinius
606 598 710 645 esset
737 599 963 655 inventus,
996 596 1095 660 post
1112 608 1180 643 tot
1205 611 1325 659 reges
1348 594 1470 642 ferro

188 691 240 721 ac
265 670 518 719 fulminibus
549 670 720 717 occisos
745 670 761 717 ?
793 671 876 716 Sed
904 670 1041 717 vitam
1071 669 1270 732 accipere
1289 668 1472 716 debuit:

188 747 250 793 ob
276 747 362 793 hoc
383 757 527 790 tamen
559 760 650 789 non
673 743 832 789 habere
856 741 980 788 illum
1011 742 1204 805 parentis
1230 742 1362 799 loco,
1389 740 1468 805 qui

187 819 234 868 in
256 822 320 867 ius
340 819 469 865 dandi
490 816 691 864 beneficii
714 815 872 863 iniuria
891 831 1085 864 venerat.
1119 818 1224 864 Non
1246 819 1362 865 enim
1383 817 1472 865 ser-

187 893 311 939 vavit
337 891 395 947 is,
427 890 501 953 qui
526 905 619 935 non
645 885 897 944 interfecit3
927 905 1008 937 nec
1033 889 1296 939 beneficium
1322 890 1470 951 dedit,

187 964 261 1011 sed
294 962 556 1009 mistionem.

252 1035 379 1082 XXI.
416 1035 526 1080 lllucl
557 1032 692 1097 magis
721 1031 872 1080 venire
892 1031 935 1079 in
963 1029 1298 1095 disputationem
1327 1030 1471 1096 potest

186 1108 375 1172 aliquam
392 1142 404 1162 ,
431 1107 537 1170 quid
560 1106 808 1152 faciendum
832 1105 881 1153 fit
910 1105 1116 1167 captivo,
1139 1105 1208 1152 cui
1237 1104 1473 1154 redemtio-

187 1181 256 1227 nis
282 1180 472 1242 pretium
496 1179 635 1224 homo
660 1177 878 1240 prostituti
905 1179 1110 1242 corporis
1132 1191 1176 1226 et
1198 1178 1370 1227 infamis
1390 1195 1470 1228 ore

186 1255 417 1316 promittit.
462 1254 601 1300 Patiar
632 1270 702 1299 me
741 1255 795 1300 ab
830 1253 1007 1317 impuro
1039 1254 1237 1304 servari?
1274 1256 1469 1308 servatus

186 1327 342 1373 deinde
358 1364 370 1384 ,
392 1345 521 1391 quam
552 1328 614 1374 illi
638 1327 821 1392 gratiam
842 1330 1056 1378 referam?
1075 1333 1241 1380 Vivam
1270 1351 1367 1381 cum
1389 1335 1470 1382 ob-

186 1400 382 1447 scoeno?
412 1416 502 1446 non
520 1400 668 1447 vivam
692 1418 792 1447 cum
812 1403 1075 1451 redemtore.
1103 1405 1225 1465 Quid
1251 1421 1357 1470 ergo
1379 1407 1471 1469 pla-

186 1487 308 1530 ceat,
341 1474 499 1521 dicam.
539 1475 682 1522 Etiam
715 1475 767 1521 ab
797 1474 947 1539 aliquo
976 1476 1054 1523 tali
1090 1478 1300 1540 accipiam
1331 1494 1470 1541 pecu-

186 1547 301 1592 niam
320 1582 333 1603 ,
355 1564 486 1609 quam
514 1564 598 1608 pro
623 1548 763 1611 capite
791 1549 1033 1612 dependam
1053 1566 1065 1596 ε
1085 1551 1295 1612 accipiam
1323 1562 1469 1599 autem

186 1631 395 1682 tanquam
422 1619 636 1665 creditum
655 1655 669 1676 ,
697 1635 787 1666 non
816 1632 1026 1683 tanquam
1056 1619 1332 1670 beneficium.
1366 1624 1469 1672 Sol-

187 1708 288 1740 vam
313 1692 372 1739 illi
396 1693 626 1754 pecuniam
647 1711 658 1739 t
681 1705 723 1740 et
748 1694 777 1739 fi
803 1692 975 1741 occasio
995 1691 1128 1740 fuerit
1148 1693 1374 1754 servandi,
1393 1714 1471 1760 pe-

184 1765 448 1813 riclitantem
477 1765 661 1812 servabo
683 1783 694 1811 z
716 1765 759 1812 in
780 1765 1018 1813 amicitiam
1036 1801 1050 1823 ‚
1066 1783 1177 1829 quae
1200 1767 1356 1816 fimiles
1373 1770 1472 1817 iun-

184 1838 273 1902 git,
308 1854 397 1883 non
437 1838 707 1885 descendam.
733 1855 812 1885 nec
843 1839 1074 1885 servatoris
1099 1840 1220 1886 illum
1247 1842 1352 1889 loco
1384 1859 1470 1889 nu-

186 1911 383 1964 merabo,
403 1910 474 1956 sed
492 1910 805 1957 foeneratoris:
823 1911 893 1958 cui
907 1909 1036 1957 sciam
1056 1911 1324 1960 reddendum
1345 1912 1471 1978 quod

186 1982 350 2044 accepi.
391 1982 462 2027 Est
490 1982 643 2044 aliquis
668 1982 852 2047 dignus,
880 2001 903 2030 a
930 1999 1039 2047 quo(
1060 1982 1322 2032 beneficium
1351 1984 1473 2038 acci-

188 2056 305 2116 piam
330 2074 339 2101 :
360 2055 432 2102 sed
462 2057 578 2102 danti
611 2057 867 2104 nociturum
888 2057 960 2104 est³
981 2057 1085 2104 ideo
1112 2075 1203 2106 non
1231 2059 1473 2123 accipiam,

187 2128 290 2190 quia
310 2126 378 2174 ille
398 2142 566 2189 paratus
583 2131 644 2177 est
663 2131 769 2177 mihi
789 2149 887 2178 cum
909 2132 1205 2180 incommodo
1219 2170 1232 2191 ‚
1249 2146 1320 2180 aut
1340 2133 1473 2181 etiam

189 2202 387 2264 periculo
415 2203 490 2248 suo
513 2204 722 2265 prodeffe.
750 2203 1024 2252 Defensurus
1051 2205 1112 2253 est
1131 2223 1202 2252 me
1225 2224 1348 2254 reum
1370 2226 1379 2253 ε
1398 2206 1474 2254 sed

188 2272 265 2318 illo
289 2268 536 2335 patrocinio
567 2291 712 2338 regem
737 2276 813 2322 fibi
845 2275 904 2321 est
924 2275 1113 2324 fafiurus
1132 2277 1371 2326 inimicum.
1390 2277 1476 2325 Ini-

189 2346 331 2391 micus
351 2346 424 2391 s1m
440 2378 454 2400 ‚
479 2346 505 2391 st
520 2382 533 2404 ,
552 2364 651 2393 cum
673 2347 741 2394 ille
761 2364 844 2410 pro
870 2365 940 2395 me
962 2350 1196 2412 periclitari
1216 2352 1348 2409 velit,
1370 2368 1476 2415 ego,

190 2418 311 2480 quod
342 2415 510 2465 facilius
540 2418 627 2475 est,
657 2436 750 2466 non
783 2419 926 2476 facio,
948 2434 994 2468 ut
1023 2421 1109 2468 fine
1139 2423 1214 2468 illo
1244 2424 1477 2485 pericliter.

190 2492 388 2552 Ineptum
419 2506 460 2538 et
487 2492 697 2539 frivolum
728 2494 814 2540 hoc
845 2495 1047 2543 Hecaton
1070 2496 1198 2559 ponit
1226 2498 1478 2562 exemplum

256 2559 303 2603 L.
320 2561 442 2603 Arm.
472 2561 641 2606 Seneca.
668 2562 769 2607 Vol.
791 2561 857 2608 II,
1214 2562 1252 2608 L.
