1742 2967
292 203 353 248 26
497 201 600 247 ‘L
646 199 931 246 ΑΝΝΑΕΙ
979 198 1317 245 SENECAE

290 307 364 353 sed
391 304 457 353 his
476 322 590 369 quos
615 306 749 370 gradu
782 307 1037 363 antecedas,
1057 323 1341 368 quorumque
1369 304 1448 353 tibi
1481 321 1572 352 non

289 377 445 424 tradita
477 377 659 424 servitus
679 378 754 435 fir,
779 378 851 425 sed
879 380 1042 425 tutela?
1078 378 1223 425 Servis
1245 377 1298 424 ad
1329 376 1507 423 statuam
1528 378 1573 423 li-

288 463 357 497 cet
379 450 634 514 confugere.
656 468 756 497 cum
779 451 822 497 in
840 450 1013 496 servum
1035 450 1183 496 omnia
1203 450 1360 496 liceant
1375 486 1388 505 ‚
1417 450 1477 496 est
1496 450 1572 496 ali-

286 523 423 586 quid,
450 524 575 586 quod
605 523 650 569 in
680 523 908 570 hominem
948 524 1077 570 licere
1107 540 1344 570 commune
1379 523 1446 569 ius
1475 522 1573 569 ani-

288 597 500 643 mantium
533 608 653 643 vetet
675 615 685 643 :
712 596 813 658 quia
840 596 1036 642 eiusdem
1067 609 1242 642 naturae
1267 595 1348 651 est,
1370 596 1491 642 cuius
1510 611 1572 643 tu.

289 669 403 727 Quis
436 685 526 714 non
564 669 754 715 Vedium
790 669 1035 714 Pollionem
1068 669 1189 731 peius
1223 669 1402 723 oderat,
1438 686 1571 732 quam

282 739 398 786 servi
428 740 514 797 sui,
547 740 667 803 quod
698 757 922 786 muraenas
950 741 1153 803 sanguine
1186 741 1382 786 humano
1405 740 1569 805 sagina·

283 813 357 859 bat
376 830 385 858 :
411 824 453 858 et
472 829 549 859 eos
568 813 642 876 qui
668 813 707 859 se
728 813 890 875 aliquid
919 814 1217 868 offenderant,
1237 813 1283 860 in
1312 813 1531 861 vivarium
1551 849 1566 872 ‚

283 885 394 946 quid
420 884 534 930 aliud
556 901 689 946 quaa]
712 883 1004 945 serpentium,
1030 886 1158 932 abiici
1183 885 1388 932 iubebat?
1419 887 1464 932 O
1485 886 1569 932 ho-

283 957 448 1004 minem
471 958 586 1003 mille
606 958 825 1004 mortibus
841 958 1021 1020 dignum
1042 957 1051 1004 l
1074 957 1164 1004 sive
1185 959 1465 1005 devorandos
1485 960 1568 1005 ser·

283 1046 368 1077 vos
400 1030 635 1078 obiiciebat
665 1030 882 1076 muraenis
900 1065 913 1086 ,
941 1048 1047 1093 quas
1075 1030 1224 1078 esurus
1255 1042 1374 1086 erat,
1402 1032 1492 1079 five
1519 1032 1566 1078 in

280 1102 373 1149 hoc
410 1116 578 1150 tantum
611 1103 703 1150 illas
729 1103 896 1159 alebat,
928 1115 974 1149 ut
1002 1102 1059 1149 fic
1082 1103 1225 1149 aleret.
1256 1105 1565 1163 Quemadmo-

283 1177 389 1222 dum
417 1175 586 1222 domini
607 1175 802 1222 crudeles
823 1186 915 1221 tota
940 1174 1119 1222 civitate
1139 1174 1566 1233 commonstrantur,

281 1248 497 1311 invisique
525 1259 567 1295 et
599 1246 870 1294 detestabiles
898 1246 993 1293 sunt
1016 1264 1026 1292 :
1057 1246 1115 1294 ita
1145 1263 1298 1310 regum
1335 1259 1379 1294 et
1407 1249 1565 1294 iniuria

282 1322 408 1368 latius
434 1333 551 1383 patet
589 1336 633 1368 et
665 1320 874 1375 infamia,
914 1331 1043 1383 atque
1093 1321 1247 1366 odium
1292 1320 1443 1368 seculis
1474 1334 1565 1368 tra-

282 1395 416 1440 ditur.
455 1395 638 1453 Quanto
666 1404 810 1439 autem
843 1408 934 1438 non
964 1392 1079 1438 nasci
1109 1391 1218 1451 fuit,
1240 1408 1371 1456 quam
1406 1410 1564 1440 nume-

281 1465 366 1513 rari
395 1465 508 1511 inter
540 1464 719 1526 publico
742 1464 860 1510 malo
891 1463 1053 1511 natos?

348 1539 475 1585 XIX.
503 1536 765 1600 Excogitare
793 1553 924 1582 nemo
950 1537 1191 1600 quidquam
1221 1539 1412 1601 poterit,
1439 1539 1563 1603 quod

284 1611 422 1673 magis
454 1611 665 1657 decorum
694 1608 860 1671 regenti
889 1607 964 1664 fit,
1001 1625 1134 1672 quam
1158 1610 1424 1675 ¹clementia:
1449 1627 1564 1672 quo-

284 1700 457 1747 cunque
498 1683 638 1728 modo
680 1682 740 1737 is,
777 1696 820 1728 et
858 1699 1126 1746 quocunque
1162 1682 1258 1730 iure
1298 1683 1563 1746 praepositus

282 1758 435 1806 ceteris
473 1757 568 1804 erit.
604 1759 672 1801 Eo
701 1755 863 1802 {cilicet
895 1755 1131 1803 formofius
1161 1756 1206 1802 id
1235 1755 1321 1803 effe
1359 1755 1562 1819 magnifi-

282 1832 538 1893 centiusque
575 1828 812 1876 fatebimur
832 1864 847 1885 ,
887 1845 981 1891 quo
1013 1829 1058 1874 in
1093 1829 1250 1875 maiori
1282 1828 1563 1890 praestabitur

282 1903 493 1966 potestate
515 1920 526 1948 :
546 1918 678 1964 quam
705 1916 795 1946 non
825 1914 1003 1963 oportet
1025 1901 1202 1947 noxiam
1229 1900 1340 1957 effe,
1363 1900 1393 1946 s1
1414 1902 1467 1947 ad
1486 1919 1562 1948 na-

283 1988 404 2023 turae
431 1976 569 2040 legem
590 1972 887 2035 componitur.
906 1973 1071 2019 Natura
1091 1974 1208 2020 enim
1231 1990 1480 2022 commenta
1501 1975 1562 2023 est

283 2055 434 2113 regem
456 2068 465 2096 :
486 2049 609 2112 quod
631 2059 673 2094 et
703 2063 756 2093 ex
786 2046 879 2093 aliis
905 2047 1162 2093 animalibus
1192 2047 1292 2094 licet
1317 2048 1561 2110 cognosce-

285 2140 332 2169 re
351 2157 364 2180 ‚
389 2133 432 2169 et
457 2137 511 2168 ex
537 2119 690 2182 apibus
712 2137 721 2164 :
754 2135 942 2181 quarum
972 2121 1066 2183 regi
1090 2118 1397 2181 amplissimum
1417 2119 1562 2167 cubile

284 2196 374 2251 est,
411 2195 650 2257 medioque
681 2209 732 2239 ac
762 2192 970 2239 tutiffimo
999 2194 1119 2239 loco,
1168 2193 1393 2239 Praeterea
1424 2209 1561 2239 onere

287 2280 439 2325 vacat,
480 2267 657 2313 exafflor
682 2264 923 2310 alienorum
963 2281 1175 2328 operum;
1206 2278 1248 2311 et
1278 2265 1431 2311 amisso
1458 2270 1560 2329 rege

286 2353 427 2387 totum
456 2339 662 2386 dilabitur
680 2354 876 2384 examen,
898 2354 978 2384 nec
998 2355 1191 2401 unquam
1212 2339 1307 2401 plus
1326 2353 1460 2384 unum
1480 2354 1559 2398 pa-

285 2412 451 2460 tiuntur
464 2447 480 2469 ,
500 2411 815 2474 melioremque
841 2428 983 2474 pugna
1004 2425 1229 2475 quaerunt.
1253 2413 1474 2458 Praeterea
1491 2410 1560 2456 in-

284 2484 411 2550 fignis
424 2485 516 2549 regi
529 2484 674 2533 forma
690 2482 751 2533 est
766 2519 781 2544 ‚
806 2483 1106 2550 diffunifisque
1125 2484 1307 2546 ceteris,
1325 2494 1418 2532 tum
1436 2499 1559 2547 mag*
