1742 2967
302 196 389 244 118
554 201 600 246 L.
646 200 934 247 ANNAEI
976 203 1316 251 SENECAE

296 301 334 347 la
365 305 553 367 populos
584 308 826 366 contrahit,
857 309 964 356 haec
993 309 1111 374 cogit
1141 312 1359 373 praeclusa
1385 312 1567 369 rimari,

295 375 527 426 secretiora
556 381 815 444 exquirere,
846 383 1120 447 antiquitates
1149 386 1391 445 evolvere,
1424 403 1569 434 mores

293 448 573 499 barbararum
596 455 747 502 audire
776 457 986 518 gentium.
1025 457 1258 504 Curiosum
1289 459 1414 506 nobis
1446 472 1568 506 natu-

294 538 340 568 ra
359 523 578 586 ingenium
601 526 719 573 dedit
740 544 751 574 ε
772 538 815 575 et
833 528 933 575 artis
953 528 1028 575 fibi
1046 546 1095 576 ac
1114 531 1450 593 pulchritudinis
1471 531 1568 578 suae

295 596 469 642 conscia
483 632 496 655 ‚
526 598 785 660 speciatores
806 617 889 647 nos
908 600 1035 648 tantis
1059 619 1204 649 rerum
1224 603 1474 665 spectaculis
1494 621 1567 666 ge·

232 718 235 722 ,
293 668 389 714 nuit
406 705 419 728 ,
441 671 666 733 perditura
689 673 875 721 fructum
896 675 956 720 sui
972 710 985 732 ,
1004 675 1035 721 fi
1057 688 1144 722 tam
1169 692 1349 739 magna,
1370 691 1457 723 tam
1480 676 1565 722 cla-

292 759 339 790 ra
360 779 374 802 ,
402 756 493 792 tam
527 745 738 795 subtiliter
772 749 927 804 ducta,
964 759 1047 794 tam
1081 749 1246 808 nitida,
1280 761 1322 796 et
1355 767 1447 797 non
1472 767 1567 796 uno

291 834 450 881 genere
484 819 704 880 formosa,
738 821 959 870 solitudini
992 821 1248 870 ostenderet.
1285 827 1347 871 Ut
1381 824 1486 872 scias
1514 825 1567 871 il-

290 892 375 939 lam
393 893 578 959 *speetari
597 896 813 955 voluisse,
834 914 925 944 non
949 908 1115 944 tantum
1133 896 1291 960 aspici,
1311 897 1414 945 vide
1437 914 1566 962 quem

291 964 419 1012 nobis
448 965 598 1013 locum
629 968 811 1016 dederit.
847 971 893 1014 In
925 969 1067 1015 media
1099 985 1180 1015 nos
1211 968 1270 1015 sui
1302 982 1424 1030 parte
1454 985 1565 1016 con-

292 1036 451 1095 stituit,
475 1050 518 1085 et
542 1038 903 1102 circumspectum
933 1039 1134 1085 omnium
1164 1039 1291 1087 nobis
1316 1040 1463 1087 dedit:
1486 1057 1565 1086 nec

289 1109 428 1155 erexit
460 1113 773 1158 tantummodo
809 1112 1033 1158 hominem
1053 1147 1068 1169 ‚
1103 1111 1176 1158 sed
1207 1112 1337 1159 etiam
1366 1113 1420 1159 ad
1455 1129 1567 1160 con-

289 1183 622 1246 templationem
643 1185 801 1233 facium
823 1222 836 1243 ‚
855 1197 903 1232 ut
930 1186 984 1233 ab
1010 1196 1109 1232 ortu
1134 1183 1269 1231 sidera
1294 1184 1339 1230 in
1363 1184 1563 1232 occasum

289 1254 474 1302 labentia
511 1256 715 1321 prosequi
747 1257 912 1319 posset,
947 1269 990 1305 et
1019 1256 1187 1303 vultum
1216 1256 1340 1302 suum
1371 1256 1564 1303 circum-

290 1328 406 1376 ferre
432 1347 534 1377 cum
553 1343 651 1378 toto
665 1367 678 1390 ,
702 1331 881 1377 sublime
902 1330 1003 1377 fecit
1021 1330 1079 1376 illi
1104 1345 1233 1392 caput
1249 1366 1262 1386 ‚
1283 1342 1325 1377 et
1344 1331 1463 1377 collo
1483 1330 1562 1377 fle-

288 1403 409 1449 xibili
430 1403 651 1467 imposuit.
667 1406 844 1452 Deinde
864 1404 961 1452 sena
983 1420 1062 1467 per
1082 1403 1196 1450 diem
1210 1439 1221 1460 ‚
1241 1403 1336 1451 sena
1357 1420 1435 1465 per
1454 1419 1565 1450 noc‹

287 1486 375 1522 tem
405 1476 518 1540 signa
554 1478 786 1539 produxit,
824 1478 983 1524 nullam
1014 1493 1103 1522 non
1134 1488 1300 1537 partem
1329 1476 1392 1522 sui
1422 1476 1563 1538 expli-

287 1549 375 1596 cuit
398 1568 408 1596 :
435 1565 483 1597 ut
509 1568 587 1613 per
613 1553 718 1598 haec
742 1568 853 1614 quae
881 1543 1101 1596 obtulerat
1126 1549 1215 1595 eius
1241 1549 1405 1606 oculis,
1435 1549 1560 1611 cupi-

287 1624 465 1670 ditatem
491 1624 656 1672 faceret
684 1625 813 1672 etiam
843 1636 1104 1671 ceterorum.
1133 1639 1212 1669 nec
1242 1622 1358 1668 enim
1383 1623 1561 1680 omnia,

284 1712 366 1742 nec
386 1708 500 1743 tanta
521 1697 721 1756 visimus,
742 1691 902 1761 quanta
924 1697 1021 1743 sunt
1042 1715 1051 1741 :
1073 1696 1144 1741 sed
1165 1695 1278 1742 acies
1302 1693 1446 1741 nostra
1465 1712 1561 1758 ape-

286 1766 344 1813 rit
374 1768 452 1815 fibi
477 1769 782 1833 investigando
811 1770 925 1817 viam
957 1805 970 1826 ‚
995 1782 1036 1815 et
1066 1769 1348 1815 fundamenta
1377 1767 1470 1814 veri
1497 1768 1559 1813 ia-

283 1841 344 1888 cit
361 1877 373 1899 ,
402 1854 450 1888 ut
474 1841 698 1904 inquisitio
727 1842 908 1889 transeat
936 1859 992 1888 ex
1019 1840 1175 1903 apertis
1206 1840 1250 1885 in
1284 1839 1489 1896 obscura,
1517 1850 1558 1884 et

282 1914 448 1978 aliquid
466 1915 561 1977 ipso
581 1916 748 1962 mundo
772 1914 967 1962 inveniat
993 1913 1225 1976 antiquius.
1252 1912 1386 1958 Unde
1412 1910 1487 1957 ista
1510 1910 1559 1956 si-

280 1987 381 2033 dera
408 1986 625 2033 exierint?
651 1987 747 2049 quis
772 1986 906 2033 fuerit
929 1985 1116 2031 univerfi
1141 1983 1268 2032 ssatus
1284 2016 1297 2038 ‚
1325 1994 1557 2046 antequam

277 2058 439 2122 singula
473 2058 517 2104 in
549 2070 691 2120 partes
721 2058 1026 2106 discederent?
1060 2073 1172 2119 quae
1206 2057 1320 2102 ratio
1346 2055 1485 2101 mersa
1515 2066 1559 2102 et

278 2131 457 2178 contusa
477 2131 693 2178 diduxerit
712 2131 729 2178 Ρ
757 2131 853 2194 quis
876 2131 975 2177 loca
1001 2129 1128 2177 rebus
1153 2128 1430 2193 affignaverit
1451 2131 1467 2173 ?
1489 2127 1558 2174 su-

274 2216 375 2265 apte
402 2215 554 2249 natura
577 2202 725 2265 gravia
752 2201 1075 2259 descenderint,
1110 2199 1389 2248 evolaverint
1411 2199 1554 2254 levia;

273 2293 327 2322 an
353 2289 525 2337 praeter
544 2276 683 2323 nisum
709 2277 971 2338 pondusque
991 2290 1232 2336 corporum
1260 2273 1392 2321 altior
1414 2273 1555 2334 aliqua

271 2350 340 2395 vis
365 2351 504 2412 legem
528 2349 700 2411 singulis
726 2348 917 2395 dixerit?
952 2364 1005 2394 an
1030 2347 1137 2394 illud
1165 2363 1321 2394 verum
1355 2346 1432 2404 fit,
1463 2359 1556 2406 quo

274 2423 464 2468 maxime
503 2423 745 2483 probatur,
782 2421 1009 2467 hominem
1051 2420 1190 2467 divini
1228 2419 1402 2482 spiritus
1434 2416 1547 2472 effe,

273 2507 440 2559 partem
460 2513 510 2545 ac
537 2495 671 2544 veluti
695 2495 900 2545 scintillas
925 2495 1129 2559 quasdam
1156 2494 1377 2542 sacrorum
1398 2490 1444 2538 in
1462 2502 1553 2539 ter-=
