1742 2967
310 194 369 257 93
571 200 617 245 L.
664 197 947 245 ANNAffl
997 197 1333 244 SENECAE

308 304 389 351 bus
412 303 564 353 vestris
592 305 804 353 confertis
819 298 840 363 ,’
860 322 939 352 nec
968 305 1206 369 intelligitis
1235 318 1400 370 quanto
1433 305 1479 353 id
1505 323 1597 353 vear

309 377 397 426 stro
427 379 694 426 detrimento
723 381 930 427 audeatis.
981 382 1093 426 Nam
1128 380 1158 426 fi
1187 380 1247 427 illi
1273 381 1349 443 qui
1379 380 1586 428 virtutem

308 451 564 515 sequuntur,
583 452 731 510 avari,
752 452 990 508 libidinofi,
1012 453 1319 518 ambitiosique
1337 453 1431 500 sunt
1451 454 1587 516 :quid

308 541 393 572 vos
421 524 543 583 estis,
579 525 739 588 quibus
771 524 915 589 ipsum
947 543 1112 574 nomen
1139 526 1315 574 virtutis
1346 525 1457 573 odio
1485 525 1586 572 est?

308 598 487 661 Negatis
511 613 779 661 quemquam
808 599 1022 661 praestare
1050 615 1162 662 quae
1187 599 1412 662 loquitur,
1433 615 1515 646 nec
1533 600 1588 645 ad

306 670 528 733 exemplar
552 670 767 718 orationis
795 670 892 718 suae
924 672 1092 720 vivere.
1119 671 1243 732 Quid
1267 670 1461 718 mirum?
1481 687 1586 717 cum

305 743 539 806 loquantur
570 741 727 798 fortia,
752 743 946 806 ingentia
962 779 976 800 ‚
1000 759 1156 790 omnes
1183 743 1393 789 humanas
1420 753 1586 804 tempe-

308 814 432 863 states
450 815 710 862 evadentia?
739 833 841 862 cum
859 815 1041 878 refigere
1062 816 1105 863 se
1124 815 1326 862 crucibus
1343 808 1585 871 conentur,

305 890 351 938 in
379 905 484 953 quas
517 888 813 952 unusquisque
842 888 1034 936 vestrum
1073 889 1226 935 clavos
1249 885 1349 933 suos
1379 885 1470 949 ipse
1501 887 1586 932 adi-

305 963 400 1027 git?
418 963 473 1009 ad
494 962 751 1024 supplicium
772 974 919 1009 tamen
936 962 1042 1019 aeti,
1059 960 1274 1023 stipitibus
1292 959 1461 1023 lingulis
1479 975 1586 1022 pen-

306 1037 423 1088 dent.
453 1034 511 1079 Hi
533 1034 611 1096 qui
631 1033 676 1079 in
703 1034 743 1080 se
775 1033 892 1096 ipsos
915 1034 1297 1087 animadvertunt,
1323 1046 1437 1094 quot
1460 1031 1585 1093 cupi-

306 1108 532 1165 ditatibus,
552 1118 619 1153 tot
646 1107 848 1153 crucibus
873 1106 1197 1152 distrahuntur:
1222 1118 1267 1152 et
1298 1103 1522 1160 maledici,
1540 1103 1584 1149 in

304 1181 485 1227 alienam
516 1178 829 1225 contumeliam
867 1177 1036 1225 venusti
1071 1176 1180 1224 sunt.
1226 1175 1468 1221 Crederem
1502 1175 1584 1221 illis

303 1253 391 1300 hoc
414 1268 595 1309 vacare,
624 1249 701 1296 nisi
726 1251 906 1314 quidam
930 1266 984 1297 ex
1012 1249 1209 1313 patibulo
1240 1249 1341 1296 suos
1365 1248 1584 1312 spectato-

305 1341 374 1372 res
399 1323 701 1387 conspuerent.

369 1398 482 1444 XX.
518 1398 624 1442 Non
655 1395 870 1459 praestant
895 1393 1145 1458 philosophi
1175 1410 1289 1458 quae
1312 1393 1583 1458 loquuntur?

306 1471 493 1519 multum
512 1481 658 1516 tamen
683 1469 918 1532 praestant,
938 1470 1060 1532 quod
1078 1469 1336 1532 loquuntur,
1354 1470 1585 1533 quodho-

306 1544 423 1592 nesta
444 1558 591 1591 mente
611 1542 881 1605 concipiunt.
915 1543 1029 1588 Nam
1062 1542 1242 1605 quidem
1260 1541 1290 1588 fi
1311 1555 1354 1588 et
1377 1542 1499 1605 paria
1517 1544 1583 1591 di-

305 1618 383 1666 &is
407 1629 607 1681 agerent,
629 1617 737 1680 quid
754 1617 859 1664 effet
875 1617 954 1664 illis
974 1617 1167 1663 beatius?
1187 1616 1361 1663 interim
1384 1632 1478 1662 non
1495 1617 1582 1676 est,

304 1691 429 1754 quod
459 1701 715 1737 contemnas
744 1690 861 1736 bona
886 1689 1044 1747 verba,
1075 1702 1119 1737 et
1143 1689 1269 1736 bonis
1295 1688 1581 1753 cogitationi-

304 1764 386 1812 bus
412 1764 536 1826 plena
564 1763 831 1825 praecordia.
869 1763 1119 1810 Studiorum
1147 1763 1425 1819 salutarium,
1450 1763 1581 1810 etiam

304 1837 413 1884 citra
436 1835 639 1883 effestum
655 1872 669 1893 ‚
697 1836 908 1884 laudanda
927 1835 1125 1882 traciatio
1149 1834 1223 1882 est.
1250 1834 1372 1894 Quid
1394 1834 1580 1893 mirum,

305 1908 333 1955 fi
358 1925 450 1955 non
480 1908 713 1955 ascendunt
732 1908 780 1954 in
800 1909 931 1955 altum
955 1908 1087 1954 ardua
1112 1907 1321 1978 {lggreffi?
1356 1906 1427 1952 sed
1454 1906 1579 1956 viros

304 1981 469 2043 suspice
489 2013 503 2035 ‚
536 1979 699 2027 etiamsi
724 1980 956 2038 decidunt,
992 1997 1148 2043 magna
1180 1990 1402 2027 conantes.
1430 1977 1581 2027 Gene-

304 2058 402 2104 rosa
420 2074 488 2104 res
512 2056 574 2104 est
590 2093 604 2114 ‚
625 2055 929 2119 respicientem
953 2072 1045 2102 non
1064 2055 1117 2102 ad
1136 2054 1255 2110 suas,
1279 2054 1351 2102 sed
1376 2054 1431 2101 ad
1455 2066 1582 2102 natu-

306 2147 379 2177 rae
406 2129 501 2176 suae
527 2128 643 2175 vires
662 2163 675 2186 ‚
701 2128 851 2174 conari
880 2128 988 2183 alta,
1014 2139 1205 2184 tentare,
1235 2140 1279 2173 et
1307 2137 1455 2173 mente
1484 2143 1580 2174 ma·-

306 2204 401 2249 flora
426 2199 685 2262 concipere,
702 2215 834 2261 quam
862 2216 973 2261 quae
996 2199 1126 2245 etiam
1151 2196 1317 2261 ingenti
1337 2197 1487 2244 animo
1503 2198 1580 2244 ad-

306 2274 473 2322 ornatis
497 2272 610 2319 effici
630 2271 803 2334 poffint.
840 2271 933 2332 Qui
961 2271 1037 2318 fibi
1072 2272 1159 2318 hoc
1190 2269 1423 2334 proposuit
1446 2287 1457 2317 :
1482 2273 1578 2334 Ego

308 2358 497 2392 mortem
521 2344 679 2391 e‘odem
710 2344 834 2391 vultu
860 2344 1062 2409 erudiam)
1091 2360 1186 2407 quo
1213 2342 1393 2389 videbo,
1413 2357 1497 2406 ego
1514 2342 1578 2388 la·

307 2419 515 2477 boribus,
557 2416 885 2482 quanticunque
920 2416 982 2463 illi
1014 2428 1173 2476 erunt,
1204 2415 1397 2479 parebo,
1427 2413 1579 2461 animo

305 2490 490 2541 fulciens
514 2507 691 2556 corpus.
716 2506 802 2557 ego
826 2488 998 2542 divitias
1025 2502 1069 2540 et
1093 2487 1340 2554 praesentes
1356 2499 1401 2537 et
1427 2484 1579 2540 absenz
