1742 2967
429 173 585 247 'DE
633 199 829 248 VITA
879 199 1154 248 BEATA.
1390 202 1446 265 ες

185 299 351 365 regale,
386 299 597 349 invielum
619 337 632 358 ‚
665 302 931 366 infatigabile
965 323 977 351 ε
1008 306 1212 368 voluptas
1251 306 1414 354 humile
1434 343 1450 364 ,

184 373 340 421 servile
357 409 370 432 ,
393 374 683 432 imbecillum,
709 376 919 421 caducum
935 412 949 433 ,
983 377 1104 424 cuius
1133 376 1258 424 statio
1290 395 1338 425 ac
1368 380 1450 424 do-

183 447 393 494 micilium
425 447 616 494 fornices
643 460 684 494 et
704 449 892 511 popinae
910 451 1017 497 sunt.
1035 451 1255 498 Virtutem
1277 451 1321 497 in
1339 465 1451 497 tem-

182 519 260 581 plo
280 518 501 576 invenies,
528 519 574 565 in
593 518 693 565 foro
708 555 721 576 ‚
742 520 787 565 in
814 520 929 566 curia
945 556 958 578 ‚
980 538 1061 583 pro
1081 523 1214 569 muris
1240 521 1417 568 stantem
1434 557 1450 578 ‚

182 591 527 654 pulverulentam
549 627 562 649 ‚
597 593 834 639 coloratam
851 628 864 648 ,
891 593 1069 640 ‚callosas
1096 594 1322 639 habentem
1356 611 1450 640 ma-

184 679 286 709 nus:
309 663 579 725 voluptatem
602 664 836 711 latitantem
859 665 1049 727 saepius,
1069 684 1118 713 ac
1132 668 1327 713 tenebras
1346 684 1450 729 cap-

181 746 368 790 tantem3
396 736 510 783 circa
539 736 696 796 balnea
712 754 762 784 ac
797 739 1033 796 sudatoria,
1060 757 1109 786 ac
1137 740 1231 785 loca
1266 740 1448 786 aedilem

180 809 437 865 metuentia;
457 809 632 856 mollem
649 845 664 866 ‚
684 827 890 857 enervem
904 847 916 869 ,
937 828 1060 858 mero
1080 825 1207 874 atque
1225 828 1448 875 unguento

179 881 424 928 madentem
440 913 454 936 ‚
487 881 690 943 pallidam
717 895 789 929 aut
814 882 1002 930 fucatam
1022 920 1035 941 ‚
1062 896 1105 931 et
1123 884 1449 930 medicamentis

176 953 403 1014 pollutam.
444 957 672 999 Summum
708 954 874 1000 bonum
908 954 1158 1001 immortale
1195 954 1283 1010 est,
1315 954 1448 1002 nescit
1508 982 1513 986 -

175 1023 326 1070 exire:
352 1042 433 1071 nec
451 1025 684 1072 satietatem
708 1025 860 1081 habet,
885 1041 965 1071 nec
982 1025 1307 1087 poenitentiam.
1337 1043 1446 1071 nun·-

175 1113 305 1160 quam
323 1097 438 1142 enim
462 1098 575 1143 reela
593 1111 712 1142 mens
731 1096 911 1142 vertitur
929 1113 938 1138 :
959 1113 1037 1142 nec
1056 1095 1130 1141 fibi
1150 1097 1258 1142 odio
1271 1095 1346 1154 est,
1366 1113 1446 1144 nec

175 1172 412 1235 quidquam
435 1170 618 1218 mutavit
634 1171 816 1233 optima.
829 1183 870 1216 at
889 1172 1092 1232 voluptas
1111 1183 1213 1217 tunc
1236 1188 1334 1217 cum
1354 1188 1445 1217 ma-

173 1241 292 1288 xime
312 1242 515 1298 deletum
544 1240 833 1302 exstinguitur.
866 1242 960 1288 Nec
984 1242 1166 1287 multum
1191 1241 1276 1288 loci
1306 1242 1445 1289 habet.

174 1308 318 1376 itssque
336 1314 425 1360 cito
445 1313 622 1376 implet:
643 1329 684 1360 et
704 1314 847 1359 taedio
868 1314 953 1370 est,
970 1326 1012 1360 et
1032 1314 1127 1376 post
1149 1315 1336 1376 primum
1359 1317 1446 1362 im-

175 1399 324 1449 petum
346 1401 522 1433 marcet.
541 1388 634 1432 Nec
661 1386 705 1432 id
728 1402 920 1449 unquam
949 1400 1113 1434 certum
1143 1387 1228 1442 est,
1250 1388 1371 1434 cuius
1401 1390 1446 1434 in

174 1470 299 1504 motu
321 1470 471 1504 natura
497 1458 569 1504 est.
595 1459 654 1504 ita
683 1475 736 1504 ne
766 1458 908 1520 potest
928 1459 1105 1520 quidem
1135 1459 1221 1505 ulla
1241 1460 1330 1506 eius
1362 1460 1446 1506 effe

174 1531 402 1578 substantia
421 1567 433 1590 ,
474 1533 596 1595 quod
621 1533 745 1578 venit
776 1532 951 1578 tranfitu
981 1532 1233 1589 celerrime,
1268 1533 1313 1578 in
1350 1532 1444 1594 ipso

173 1605 251 1651 usu
270 1604 332 1651 sui
353 1605 604 1667 periturum.
631 1608 696 1651 Eo
715 1605 831 1651 enim
854 1604 1078 1670 pervenit,
1099 1605 1172 1651 ubi
1193 1605 1382 1652 definat:
1403 1617 1446 1652 et

152 1677 275 1735 ‘dum
297 1677 476 1738 incipit,
504 1678 663 1739 speClat
682 1678 736 1723 ad
756 1676 901 1724 finem.
1100 1691 1101 1694 ’

239 1752 354 1796 VllI.
388 1751 543 1810 Quid,
568 1751 690 1813 quod
717 1763 805 1795 tam
837 1749 962 1795 bonis
979 1786 990 1807 ,
1021 1765 1150 1810 quam
1183 1749 1330 1806 malis,
1357 1765 1443 1808 vo-

171 1823 310 1885 luptas
333 1823 471 1869 inest?
494 1841 573 1870 nec
603 1824 745 1868 minus
763 1837 909 1882 turpes
932 1822 1119 1867 dedecus
1146 1821 1290 1877 suum,
1312 1837 1442 1884 quam

172 1895 378 1942 honestos
397 1895 567 1959 egregia
587 1895 809 1941 delectant.
830 1894 1020 1955 Ideoque
1037 1905 1346 1955 praeceperunt
1366 1909 1444 1939 ve-

172 1981 309 2024 teres,
343 1968 555 2030 optimam
592 1968 713 2031 sequi
748 1967 910 2020 vitam,
943 1981 1031 2011 non
1063 1965 1440 2011 iucundiffimam:

173 2054 222 2088 ut
252 2041 391 2087 rectae
421 2057 471 2098 ac
499 2041 640 2086 bonae
668 2037 905 2100 voluptatis
932 2053 1022 2082 non
1051 2036 1167 2090 dux,
1199 2036 1269 2082 sed
1293 2052 1444 2082 comes

173 2113 376 2174 voluptas
406 2099 468 2158 sit.
496 2113 662 2158 Natura
683 2110 801 2156 enim
829 2109 938 2155 duce
964 2107 1174 2153 utendum
1205 2107 1263 2152 est
1289 2124 1299 2153 :
1331 2107 1442 2153 hanc
1501 2161 1503 2163 Ι

173 2185 286 2231 ratio
319 2184 546 2243 observat,
572 2184 684 2229 hanc
715 2181 912 2228 consulit.
940 2181 1059 2226 Idem
1090 2179 1151 2226 est
1177 2196 1284 2242 ergo
1318 2180 1442 2226 beate

173 2256 347 2313 vivere,
381 2267 424 2301 et
451 2254 688 2301 secundum
721 2269 930 2299 naturam.
976 2253 1077 2298 Hoc
1111 2251 1214 2314 quid
1247 2252 1326 2308 fit,
1356 2251 1440 2297 iam

172 2330 380 2394 aperiam.
421 2330 464 2375 Si
499 2329 699 2391 corporis
732 2329 882 2385 dotes,
908 2339 950 2373 et
978 2342 1077 2389 apta
1107 2338 1304 2383 naturae,
1334 2342 1443 2372 con-

171 2400 439 2448 servabimus
458 2399 681 2464 diligenter
700 2411 742 2446 et
762 2399 988 2460 impavide
1001 2435 1013 2456 ‚
1038 2413 1241 2460 tanquam
1262 2398 1306 2444 in
1324 2398 1441 2445 diem

172 2474 272 2523 data
304 2486 347 2522 et
374 2472 580 2538 fugacia3
604 2471 635 2520 fi
661 2489 753 2520 non
783 2470 1034 2519 subierimus
1068 2467 1221 2581 etgrum
1259 2470 1442 2519 servitu-

1167 2550 1188 2597 3
