1742 2967
945 0 955 25 Ι

300 156 391 187 202
523 143 572 189 L.
622 143 932 191 ANNAE1
981 145 1343 193 SENECAE

294 246 372 294 ciis
401 263 492 294 non
522 250 712 311 possunt.
741 253 909 314 quare?
943 253 1044 315 quia
1074 254 1210 301 vitam
1244 255 1413 318 accepit
1437 272 1461 302 a
1490 272 1567 319 pa-

293 331 360 366 tre
386 336 548 384 :quam
579 324 655 369 nifi
686 327 946 387 accepisset,
977 327 1091 372 nulla
1120 329 1220 375 dare
1248 329 1460 376 beneficia
1486 347 1569 392 po-

293 392 448 441 tuifl'et.
482 397 584 443 Hoc
607 413 844 445 commune
870 399 931 446 est
961 400 1071 461 patri
1098 418 1196 447 cum
1225 402 1463 457 omnibus,
1495 403 1570 465 qui

295 467 434 513 vitam
463 468 677 517 dederunt
705 471 847 518 ahcui.
874 490 964 518 non
993 475 1228 535 potuissent
1260 476 1376 522 enim
1411 476 1570 523 referre

296 540 479 603 gratiam
497 576 511 599 ,
540 543 617 588 nifi
647 544 782 590 vitam
810 546 1080 608 accepissent.
1132 551 1251 612 Ergo
1282 566 1362 596 nec
1395 551 1571 596 medico

297 614 343 659 in
372 616 512 662 maius
546 619 678 679 gratia
705 618 861 664 referri
891 620 1051 682 potest?
1076 620 1185 667 solet
1215 623 1329 668 enim
1357 635 1400 669 et
1429 623 1571 669 medi·-

295 702 373 733 cus
403 688 539 735 vitam
569 690 703 738 dare:
737 709 816 739 nec
836 708 1017 750 nautae,
1045 695 1075 740 fi
1112 694 1367 758 naufragum
1396 695 1573 742 sustulit.

295 761 434 823 Atqui
463 776 506 809 et
531 763 692 808 horum
720 778 763 810 et
797 765 1009 822 aliorum,
1036 766 1112 829 qui
1139 767 1287 829 aliquo
1316 769 1456 814 modo
1489 784 1571 813 no-

296 831 362 877 bis
388 832 522 879 vitam
553 835 797 893 dederunt,
834 836 1044 885 beneficia
1078 838 1199 884 vinci
1227 839 1399 900 poffunt
1426 857 1439 886 :-
1465 855 1574 901 ergo

296 919 341 950 et
365 918 538 968 patrum
576 908 764 969 poffunt.
804 910 846 955 Si
876 911 973 972 quis
1002 910 1109 956 mihi
1135 910 1398 957 beneficium
1428 910 1574 967 dedtt,

295 981 420 1041 quod
457 981 698 1027 multorum
732 981 956 1029 beneficiis
985 983 1278 1030 adiuvandum
1318 984 1452 1041 effet,
1486 1000 1574 1046 ego

297 1063 442 1098 autem
474 1053 737 1100 heneficium
765 1055 824 1100 illi
852 1055 981 1113 dedi,
1010 1056 1133 1117 quod
1165 1056 1321 1102 nullius
1350 1056 1574 1102 adiutorio

298 1139 470 1185 egeret,
501 1126 640 1172 maius
667 1127 768 1172 dedi
796 1145 929 1189 quam
957 1128 1134 1190 accepi:
1169 1146 1291 1190 pater
1320 1128 1411 1175 filio
1439 1130 1576 1176 vitam

298 1196 419 1242 dedit
446 1197 712 1260 petituram,
741 1198 820 1246 nist
846 1201 978 1246 multa
1006 1202 1292 1255 acceffiffent,
1319 1218 1430 1264 quae
1456 1202 1575 1248 illam

299 1281 523 1317 tuerentur
541 1289 550 1316 :
574 1271 687 1317 filius
706 1274 813 1333 patri
832 1273 861 1318 fi
876 1273 994 1318 dedit
1007 1273 1143 1318 vitam
1159 1308 1171 1329 ‚
1191 1275 1309 1320 dedit
1328 1290 1446 1330 eam,
1465 1289 1577 1335 quae

299 1344 457 1389 nullius
483 1344 740 1392 desideraret
772 1345 1002 1398 auxilium,
1041 1346 1087 1390 in
1118 1348 1229 1402 hoc,
1265 1360 1311 1391 ut
1343 1362 1574 1406 permane-

297 1426 392 1460 ret:
412 1431 518 1478 ergo
544 1417 680 1462 maius
704 1415 964 1462 beneficium
992 1417 1158 1477 accepit
1174 1433 1198 1462 a
1216 1415 1310 1462 fiho
1337 1432 1478 1478 pater,
1499 1415 1574 1478 qui

301 1487 437 1534 vitam
469 1490 658 1550 accepit,
684 1507 815 1553 quam
842 1489 930 1551 ipse
956 1490 1015 1536 illi
1040 1490 1233 1536 dederat.

367 1563 585 1608 XXXVI.
616 1566 734 1610 Haec
762 1580 851 1610 non
882 1562 1105 1609 destruunt
1139 1574 1364 1624 parentum
1394 1578 1577 1608 venera-

300 1635 496 1693 tionem,
530 1654 610 1684 nec
643 1638 881 1684 deteriores
909 1637 991 1683 illis
1015 1636 1176 1682 liberos
1205 1634 1403 1692 faciunt,
1436 1635 1577 1682 immo

302 1707 433 1754 etiam
460 1710 677 1756 meliores.
707 1725 859 1755 natura
890 1709 1007 1755 enim
1034 1708 1220 1771 gloriosa
1252 1708 1312 1755 est
1341 1708 1505 1764 virtus,
1535 1721 1577 1754 et

302 1782 466 1829 anteire
489 1784 657 1844 priores
677 1783 811 1846 cupit.
834 1784 1041 1830 Alacrior
1065 1783 1145 1830 erit
1170 1784 1332 1845 pietas,
1354 1782 1384 1827 fi
1409 1783 1461 1829 ad
1481 1781 1578 1828 red-

303 1854 444 1900 denda
478 1855 689 1903 beneficia
716 1874 814 1903 cum
841 1856 1050 1903 vincendi
1070 1855 1142 1916 spe
1169 1853 1349 1902 venerit.
1382 1854 1427 1898 Id
1449 1853 1479 1898 st
1499 1870 1579 1914 pa-

303 1924 438 1972 tribus
470 1926 586 1972 idem
620 1928 869 1975 volentibus
902 1929 1113 1990 laetisque
1150 1925 1382 1988 contigerit
1420 1923 1579 1988 (quo-

305 1999 420 2045 niam
458 1999 664 2062 pleraque
695 1999 788 2047 sunt
806 2037 820 2057 ‚
849 2002 894 2046 in
924 2002 1081 2063 quibus
1113 1999 1262 2046 nostro
1290 2000 1411 2044 bono
1441 1998 1581 2045 vinci·

305 2070 442 2135 mur)
476 2072 591 2118 unde
610 2087 828 2118 certamen
848 2086 935 2118 tam
961 2072 1181 2135 optabile,
1206 2072 1319 2118 unde
1339 2084 1502 2117 tantam
1519 2069 1583 2116 fe-

305 2143 511 2189 licitatem
546 2143 821 2205 parentibus,
851 2157 898 2190 ut
929 2143 1141 2191 fateantur
1175 2144 1214 2190 se
1241 2143 1358 2205 ipsos
1388 2141 1581 2189 filiorum

306 2215 532 2263 beneficiis
556 2216 770 2277 impares?
796 2216 886 2262 Nifi
918 2218 1005 2263 hoc
1030 2218 1087 2263 ita
1113 2217 1381 2274 iudicamus,
1408 2215 1583 2261 excusa-

307 2288 474 2335 tionem
497 2289 651 2335 damus
674 2289 818 2336 liberis
839 2308 849 2336 :
881 2302 925 2336 et
947 2289 1044 2336 illos
1068 2289 1288 2352 segniores
1313 2288 1367 2333 ad
1390 2285 1582 2333 referen—

309 2359 407 2404 dam
428 2360 607 2422 gratiam
629 2359 832 2419 facimus,
858 2361 1014 2422 quibus
1031 2361 1224 2407 stimulos
1241 2360 1426 2406 adiicere
1447 2359 1581 2404 debe-

305 2450 424 2492 mus,
441 2449 481 2480 et
502 2435 670 2493 dicere,
695 2436 793 2483 Hoc
817 2437 947 2499 agite,
962 2435 1118 2500 optimi
1138 2436 1332 2482 iuvenes.
1361 2431 1583 2496 propofim
