1742 2967
423 171 525 244 DE
569 196 768 244 OT10
819 196 1250 243 SAPOENTIS.
1388 212 1473 259 119

196 321 263 352 ras
289 302 524 363 desiluisse,
557 315 686 369 atque
711 304 856 352 alieno
883 304 985 352 loco
1009 303 1212 351 haefiffe?
1248 302 1474 367 Cogitatio

196 376 343 424 nostra
359 378 472 426 coeli
490 378 763 424 munimenta
782 377 1052 442 perrumpit,
1075 393 1154 424 nec
1179 390 1386 423 contenta
1415 375 1475 422 est

195 450 243 496 id
265 450 386 514 quod
405 449 645 497 ostenditur
663 449 784 497 scire.
822 451 945 506 muel,
966 450 1128 513 inquit,
1148 449 1332 506 scrutor,
1353 448 1476 512 quod

194 522 304 568 ultra
333 521 547 568 mundum
569 522 709 569 iacet:
732 536 936 569 utrumne
962 522 1181 585 profunda
1201 521 1374 569 vastitas
1396 520 1471 576 sit,

194 611 247 640 an
269 606 311 642 et
336 596 426 642 hoc
449 594 586 654 ipsum
606 596 802 642 terminis
821 596 905 643 suis
922 595 1149 643 cludatur?
1180 593 1317 658 qualis
1336 594 1384 640 fit
1402 595 1473 640 ha-

194 667 309 713 bitus
337 666 548 713 exclusis:
578 667 784 714 informia
809 680 851 714 et
878 667 1061 714 confusa
1082 667 1187 724 sint,
1217 683 1271 713 an
1298 666 1343 713 in
1370 683 1473 714 om-

195 756 295 787 nem
325 753 493 803 partem
528 741 780 787 tantundem
819 741 909 788 loci
943 741 1184 788 obtinentia
1204 777 1216 799 ,
1253 757 1305 786 an
1334 752 1378 787 et
1402 741 1472 788 illa

193 811 239 857 in
269 810 458 875 aliquem
495 811 658 858 cultum
690 812 901 875 descripta
939 811 1055 859 fint?
1083 811 1184 859 huic
1212 812 1473 860 cohaereant

193 884 385 941 mundo,
425 900 480 929 an
510 883 642 948 longe
679 887 732 933 ab
762 885 852 932 hoc
883 883 1148 943 secefferint,
1178 895 1219 930 et
1251 884 1295 930 in
1326 901 1470 931 vacuo

193 958 485 1005 volutentur?
513 957 741 1006 individua
767 959 848 1008 fint
863 994 876 1017 ,
900 975 979 1022 per
1003 974 1113 1022 quae
1142 958 1319 1005 struitur
1337 975 1471 1006 omne

192 1031 237 1077 id
264 1031 386 1094 quod
411 1046 557 1078 natum
578 1031 862 1095 futurumque
895 1032 976 1089 est,
1000 1049 1053 1078 an
1082 1032 1289 1078 continua
1313 1048 1467 1078 eorum

193 1104 370 1151 materia
392 1104 471 1159 fit,
496 1118 540 1151 et
565 1123 644 1168 per
662 1117 804 1152 totum
830 1104 1088 1152 mutabilis?
1121 1117 1265 1151 utrum
1289 1119 1469 1152 contra-

192 1174 253 1220 ria
273 1174 385 1222 inter
408 1175 451 1221 se
475 1175 690 1223 elementa
720 1176 819 1232 sint,
841 1194 894 1221 an
928 1192 1018 1222 non
1047 1188 1274 1239 pugnent,
1302 1177 1371 1222 sed
1391 1192 1471 1239 per

192 1249 361 1296 diversa
394 1249 662 1312 conspirent.
696 1252 760 1296 Ad
788 1252 896 1297 haec
930 1251 1175 1313 quaerenda
1209 1265 1356 1308 natus,
1393 1266 1469 1296 ae·-

190 1320 338 1379 stima,
363 1338 495 1385 quam
515 1339 605 1367 non
635 1322 820 1368 multum
842 1322 1058 1384 acceperit
1079 1322 1312 1383 temporis,
1336 1320 1466 1367 etiam

190 1391 219 1437 fi
246 1392 351 1438 illud
381 1404 524 1438 totum
554 1392 630 1438 fibi
654 1392 862 1439 vindicet.
897 1393 965 1438 cni
993 1392 1096 1438 licet
1128 1391 1233 1437 nihil
1267 1391 1467 1451 facilitate

189 1463 327 1525 eripi,
354 1462 460 1508 nihil
490 1463 753 1525 negligentia
782 1463 966 1524 patiatur
991 1462 1221 1520 excidere,
1253 1462 1356 1508 licet
1382 1461 1467 1507 ho·
1523 1508 1532 1515 ἡ

189 1551 257 1581 ras
281 1535 523 1591 avariffime
547 1534 715 1593 servet,
734 1550 776 1581 et
795 1552 931 1598 usque
951 1534 996 1580 in
1020 1534 1198 1581 ultimae
1221 1534 1370 1580 aetatis
1388 1534 1468 1580 hu-

189 1625 343 1656 manae
369 1608 582 1656 terminos
611 1609 851 1671 procedat,
882 1625 963 1655 nec
992 1608 1230 1671 quidquam
1254 1608 1313 1654 illi
1337 1625 1389 1654 ex
1410 1624 1467 1654 eo

188 1682 313 1745 quod
331 1693 479 1727 natura
500 1680 740 1738 constituit,
758 1680 934 1728 fortuna
951 1680 1201 1734 concutiam
1222 1694 1367 1727 tamen
1385 1680 1466 1726 ho-
1487 1706 1494 1717 x

187 1771 266 1801 mo
309 1755 362 1800 ad
404 1753 720 1800 immortalium
751 1752 1054 1814 cognitionem
1093 1753 1223 1799 nimis
1268 1751 1462 1799 mortalis

188 1826 262 1874 est.
287 1829 405 1890 Ergo
435 1826 671 1872 secundum
702 1837 897 1871 naturam
921 1825 1032 1872 vivo
1048 1859 1060 1881 ‚
1093 1823 1123 1869 fi
1152 1836 1294 1871 totum
1315 1841 1385 1870 me
1404 1821 1468 1873 illi

188 1901 315 1958 dedi,
337 1900 367 1946 s1
394 1899 506 1945 illius
533 1899 774 1944 admirator
799 1897 1029 1959 cultorque
1060 1897 1165 1943 sum.
1204 1897 1368 1942 Natura
1391 1911 1470 1940 au-

188 1988 275 2021 tem
307 1986 541 2036 utrumque
572 1971 711 2018 facere
738 1987 808 2016 me
833 1969 1002 2027 voluit,
1028 1983 1071 2015 et
1097 1983 1250 2032 agere,
1276 1982 1320 2014 et
1350 1983 1464 2014 con-

188 2046 465 2110 templationi
499 2061 670 2093 vacare.
700 2047 951 2105 Utrumque
984 2043 1101 2090 facio
1132 2060 1144 2088 t
1169 2042 1378 2104 quoniam
1409 2057 1466 2086 ne

187 2119 506 2183 contemplatio
536 2118 716 2182 quidem
750 2118 837 2164 fine
866 2116 1037 2165 afflone
1075 2115 1150 2164 est.
1191 2116 1276 2162 Sed
1302 2114 1464 2169 refert,

185 2194 359 2258 inquis,
389 2210 442 2239 an
471 2193 525 2238 ad
555 2192 667 2239 hanc
697 2191 933 2253 voluptatis
965 2189 1087 2237 causa
1113 2187 1366 2244 accesserit,
1395 2186 1464 2233 ni-

187 2267 248 2314 hil
287 2267 405 2313 aliud
442 2283 498 2313 ex
542 2265 612 2311 illa
645 2280 824 2327 petens,
854 2281 985 2327 quam
1022 2263 1228 2310 affiduam
1260 2272 1462 2308 contem-

186 2340 454 2403 plationem,
483 2338 570 2392 fine
596 2338 726 2384 exitu.
762 2337 823 2383 est
850 2337 967 2383 enim
995 2336 1162 2393 dulcis,
1191 2348 1234 2381 et
1263 2333 1391 2379 habet
1411 2332 1469 2379 il-

185 2412 377 2460 lecebras
404 2412 510 2458 suas.
550 2408 777 2457 Adversus
806 2410 893 2456 hoc
923 2408 1001 2455 tibi
1035 2406 1296 2470 respondeo.
1326 2420 1464 2466 aeque

186 2484 348 2543 refert,
376 2499 468 2548 quo
497 2482 647 2530 animo
681 2481 857 2531 civilem
880 2497 979 2545 agas
1004 2480 1142 2529 vitam
1137 2544 1179 2589 H
1205 2494 1261 2525 an
1279 2490 1328 2525 ut
1347 2476 1464 2524 sem-

1071 2600 1074 2605 .
1214 2561 1244 2604 4
