1742 2967
379 146 475 199 DE
518 147 948 198 BENEFICIIS
995 146 1123 198 LIB.
1172 150 1266 200 VH.
1370 167 1452 213 321

190 253 402 318 praestare
428 255 641 302 debeant:
670 255 930 318 quibusdam
959 271 1041 316 pro
1060 255 1213 302 effeetu
1233 256 1294 302 est
1311 291 1324 314 ‚
1359 273 1462 303 om·-

190 328 259 372 nia
289 327 510 374 attentasse
529 362 543 382 ‚
583 339 629 373 ut
661 328 894 374 efficerent.
935 328 979 373 Si
1007 329 1157 373 omnia
1187 329 1289 375 fecit
1319 344 1363 375 ut
1399 332 1461 375 sa-

189 413 333 455 naret‚
358 402 525 462 peregit
555 401 746 446 medicus
782 412 922 462 partes
955 402 1056 454 suas.
1087 401 1217 447 etiam
1252 403 1457 448 damnato

187 488 293 529 τεο,
330 473 494 517 oratori
527 472 691 516 constat
718 471 989 532 eloquentiae
1018 471 1215 516 officium
1237 507 1250 528 ‚
1282 471 1310 517 ii
1336 473 1459 518 omni

187 546 281 592 iure
311 546 409 592 usus
428 546 498 590 est.
535 547 644 590 Laus
676 544 930 605 imperatori
962 544 1091 589 etiarn
1121 544 1259 600 vieto,
1287 559 1328 590 et
1358 547 1457 592 duci

187 619 407 674 redditur,
442 616 469 661 fi
505 630 547 662 et
575 616 830 675 prudentia,
861 627 904 660 et
935 615 1139 660 industria
1162 651 1175 671 ‚
1205 631 1247 662 et
1281 617 1456 663 fortitu-

187 691 249 737 do
280 689 527 736 muneribus
558 689 638 734 suis
674 688 819 733 funeb
852 689 924 732 est.
961 690 1123 733 Omnia
1156 689 1280 744 fecit,
1308 705 1354 735 ut
1382 691 1459 736 be-

187 762 394 811 neficium
414 762 641 809 redderet:
663 760 826 806 obstitit
848 760 909 805 ilii
929 759 1113 806 felicitas
1131 775 1213 807 tua.
1246 763 1367 807 Nihzl
1390 763 1459 809 in-·

187 837 292 883 cidit
313 835 460 882 durius
475 870 488 892 ‚
508 834 631 897 quod
654 850 797 879 veram
817 834 1051 879 amicitiam
1069 835 1348 893 experiretur.
1372 839 1458 882 Lo·

187 908 348 971 cupleti
385 908 549 953 donare
592 922 683 951 non
717 905 899 967 potuit,
944 906 1046 951 sano
1089 907 1296 965 aiiidere‚
1342 909 1458 956 felici

188 983 467 1030 succurrere:
499 980 677 1043 gratiam
702 979 878 1034 retulit,
910 978 1037 1025 etiam
1068 979 1098 1024 fi
1125 991 1171 1025 tu
1194 981 1455 1028 beneficium

186 1069 277 1099 non
295 1051 504 1114 recepisti.
532 1052 766 1105 Praeterea,
788 1049 887 1095 huic
908 1050 1096 1097 intentus
1116 1051 1294 1112 semper,
1313 1067 1355 1099 et
1373 1054 1456 1099 hu-

185 1123 250 1171 ius
270 1124 329 1169 rei
350 1139 521 1186 tempus
543 1121 800 1183 opperiens,
832 1121 906 1184 qui
932 1122 975 1166 in
993 1123 1079 1168 hoc
1102 1124 1282 1168 multum
1304 1141 1456 1181 curae,-

187 1199 371 1245 multum
399 1196 630 1244 sedulitatis
661 1196 902 1257 impendit,
935 1197 1026 1258 pius
1053 1197 1296 1256 laboravit,
1324 1215 1456 1262 quam

186 1270 256 1319 cui
282 1271 370 1317 cito
390 1270 551 1317 referre
576 1268 754 1331 gratiam
776 1268 974 1330 contigit.

250 1345 376 1390 XtV.
402 1343 629 1390 Debitoris
660 1341 910 1402 exemplum
944 1340 1142 1388 diffimile
1170 1341 1228 1388 est
1251 1359 1262 1387 t
1283 1343 1350 1389 cui
1378 1360 1456 1406 pa-

185 1434 282 1466 rum
308 1416 370 1464 est
401 1417 629 1479 pecuniam
661 1415 895 1478 quaesisse,
931 1414 1006 1460 nisi
1037 1416 1180 1462 solvit.
1220 1417 1307 1463 mic
1339 1418 1455 1463 enim

187 1491 266 1537 stat
290 1491 471 1538 acerbus
491 1490 617 1551 super
646 1499 776 1550 caput
802 1489 1022 1545 creditor,
1053 1488 1126 1550 qui
1153 1491 1316 1536 nullum
1342 1492 1457 1537 diem

187 1562 320 1627 gratis
336 1562 538 1609 occidere
560 1561 771 1623 patiatur:
795 1560 866 1606 hic
887 1560 1233 1622 benigniffimus,
1258 1562 1331 1624 qui
1355 1572 1455 1609 cuni

184 1646 227 1681 te
252 1633 414 1680 viderit
440 1631 681 1679 cursantem
700 1641 743 1677 et
767 1630 992 1676 sollicitum
1018 1643 1145 1693 atque
1166 1633 1342 1678 anxium
1357 1669 1369 1691 ‚
1387 1636 1457 1680 di-

189 1720 257 1754 cat
275 1723 285 1749 ι
306 1705 431 1752 Mitte
454 1706 564 1751 hanc
590 1705 645 1750 de
664 1704 843 1766 ρεξὶοτε
872 1720 1032 1749 curam.
1064 1704 1224 1749 Desine
1251 1705 1328 1751 tibi
1358 1724 1457 1752 mo-

186 1779 314 1826 lestus
332 1778 500 1825 instare.
528 1778 678 1824 omnia
704 1793 726 1822 a
751 1789 792 1823 te
815 1775 970 1822 habeo·
989 1776 1191 1822 Iniuriam
1213 1779 1319 1824 mihi
1339 1780 1458 1835 facisfl

188 1854 220 1901 st
239 1870 309 1900 me
329 1852 566 1916 quidquam
593 1852 775 1914 amplius
801 1851 1038 1897 defiderare
1062 1852 1239 1899 iudicas.
1265 1854 1458 1901 Pleniffia

188 1942 258 1972 me
284 1926 337 1971 ad
364 1941 434 1971 me
455 1925 655 1987 pervenit
672 1916 838 1970 animus
857 1936 965 1970 tuus.
983 1925 1097 1982 Dic,
1127 1926 1292 1989 inquit,
1319 1929 1456 1977 mihi:

186 1996 418 2044 reddidiffe
445 1995 702 2043 beneficium
728 1996 892 2042 diceres
916 1997 1075 2054 illum,·
1093 1998 1166 2060 qui
1193 1999 1249 2044 sic
1277 2002 1458 2062 gratiam

187 2069 344 2118 retulit.
375 2070 545 2116 Eodem
573 2085 682 2131 ergo
713 2068 818 2115 loco
838 2068 926 2126 est,
962 2070 1035 2131 qui
1065 2072 1284 2126 reddidit,
1312 2087 1355 2119 et
1381 2075 1458 2135 qui

188 2158 279 2189 non
315 2140 517 2187 reddidit.
554 2140 746 2193 Contra,
779 2157 892 2188 nunc
921 2142 1026 2187 illud
1059 2159 1207 2203 pone,
1241 2145 1269 2190 fi
1299 2147 1461 2195 oblitus

187 2213 291 2261 effet
311 2212 480 2275 accepti
506 2212 737 2266 beneficii,
768 2214 797 2257 fi
819 2229 873 2258 ne
890 2214 1088 2259 tentasset
1107 2216 1286 2276 quidem
1318 2214 1466 2280 gratus'

187 2284 270 2333 effe
287 2318 301 2343 ‚
332 2300 511 2347 negares
533 2284 653 2330 illum
680 2286 859 2347 gratiam
885 2287 1072 2333 retulisse
1092 2292 1109 2333 ἓ
1132 2292 1190 2334 At
1217 2289 1286 2336 hic
1311 2291 1462 2338 diebus

186 2357 477 2419 nofitibusque
504 2356 547 2403 se
575 2357 768 2414 lassavit,
790 2370 834 2404 et
857 2360 1061 2407 omnibus
1081 2361 1171 2408 aliis
1198 2365 1463 2411 renuntiavit

186 2431 365 2486 officiis,
397 2431 498 2477 huic
522 2430 596 2476 uni
619 2431 876 2488 imminens,
897 2446 939 2479 et
953 2435 1184 2496 opperiens
1199 2469 1210 2486 ,
1241 2452 1295 2482 ne
1317 2453 1402 2500 qua
1422 2437 1464 2484 [θ’

251 2497 300 2543 L.
321 2499 444 2542 Am.
473 2499 642 2544 Seneca.
674 2500 769 2541 Vol.
789 2497 854 2540 II.
1162 2500 1209 2545 X
