<?xml version="1.0" encoding="UTF-8"?>
<!DOCTYPE html PUBLIC "-//W3C//DTD XHTML 1.0 Transitional//EN"
    "http://www.w3.org/TR/xhtml1/DTD/xhtml1-transitional.dtd">
<html xmlns="http://www.w3.org/1999/xhtml" xml:lang="en" lang="en">
 <head>
  <title>
</title>
<meta http-equiv="Content-Type" content="text/html;charset=utf-8" />
  <meta name='ocr-system' content='tesseract 3.04.00' />
  <meta name='ocr-capabilities' content='ocr_page ocr_carea ocr_par ocr_line ocrx_word'/>
</head>
<body>
  <div class='ocr_page' id='page_1' title='image "./lannaeisenecaeph02seneuoft_0336.png"; bbox 0 0 1742 2967; ppageno 0'>
   <div class='ocr_carea' id='block_1_1' title="bbox 298 138 1342 202">
    <p class='ocr_par' dir='ltr' id='par_1_1' title="bbox 298 138 1342 202">
     <span class='ocr_line' id='line_1_1' title="bbox 298 138 1342 202; baseline 0.001 -16"><span class='ocrx_word' id='word_1_1' title='bbox 298 152 392 202; x_wconf 81' lang='lat'><strong>304</strong></span> <span class='ocrx_word' id='word_1_2' title='bbox 554 140 603 184; x_wconf 89' lang='lat' dir='ltr'><strong>L.</strong></span> <span class='ocrx_word' id='word_1_3' title='bbox 649 138 941 184; x_wconf 79' lang='lat' dir='ltr'>ANNAEI</span> <span class='ocrx_word' id='word_1_4' title='bbox 991 139 1342 187; x_wconf 79' lang='lat' dir='ltr'><strong>SENECAE</strong></span> 
     </span>
    </p>
   </div>
   <div class='ocr_carea' id='block_1_2' title="bbox 266 243 1618 2491">
    <p class='ocr_par' dir='ltr' id='par_1_2' title="bbox 294 243 1561 383">
     <span class='ocr_line' id='line_1_2' title="bbox 294 243 1561 308; baseline 0.005 -17"><span class='ocrx_word' id='word_1_5' title='bbox 294 246 432 292; x_wconf 89' lang='lat' dir='ltr'><strong>micus</strong></span> <span class='ocrx_word' id='word_1_6' title='bbox 459 256 503 293; x_wconf 89' lang='lat' dir='ltr'><strong>et</strong></span> <span class='ocrx_word' id='word_1_7' title='bbox 530 243 694 308; x_wconf 81' lang='lat' dir='ltr'><strong>gravis,</strong></span> <span class='ocrx_word' id='word_1_8' title='bbox 719 244 870 303; x_wconf 83' lang='lat' dir='ltr'><strong>infesta</strong></span> <span class='ocrx_word' id='word_1_9' title='bbox 892 246 1019 292; x_wconf 86' lang='lat' dir='ltr'><strong>turba</strong></span> <span class='ocrx_word' id='word_1_10' title='bbox 1045 263 1126 293; x_wconf 88' lang='lat' dir='ltr'><strong>nec</strong></span> <span class='ocrx_word' id='word_1_11' title='bbox 1154 248 1359 306; x_wconf 84' lang='lat' dir='ltr'><strong>inermis,</strong></span> <span class='ocrx_word' id='word_1_12' title='bbox 1389 249 1432 295; x_wconf 76' lang='lat' dir='ltr'><strong>&#39;et</strong></span> <span class='ocrx_word' id='word_1_13' title='bbox 1462 265 1561 298; x_wconf 86' lang='lat' dir='ltr'><strong>cre-</strong></span> 
     </span>
     <span class='ocr_line' id='line_1_3' title="bbox 294 320 926 383; baseline -0.003 -16"><span class='ocrx_word' id='word_1_14' title='bbox 294 322 412 367; x_wconf 76' lang='lat' dir='ltr'><strong>ditor</strong></span> <span class='ocrx_word' id='word_1_15' title='bbox 439 335 587 383; x_wconf 81' lang='lat' dir='ltr'><strong>urgeat</strong></span> <span class='ocrx_word' id='word_1_16' title='bbox 618 332 661 367; x_wconf 88' lang='lat' dir='ltr'><strong>et</strong></span> <span class='ocrx_word' id='word_1_17' title='bbox 692 320 926 366; x_wconf 77' lang='lat' dir='ltr'><strong>accusator.</strong></span> 
     </span>
    </p>

    <p class='ocr_par' dir='ltr' id='par_1_3' title="bbox 289 384 1567 1462">
     <span class='ocr_line' id='line_1_4' title="bbox 365 384 1564 457; baseline 0.003 -19"><span class='ocrx_word' id='word_1_18' title='bbox 365 394 462 438; x_wconf 88' lang='lat' dir='ltr'><strong>XL.</strong></span> <span class='ocrx_word' id='word_1_19' title='bbox 501 391 615 438; x_wconf 85' lang='lat' dir='ltr'>Vide</span> <span class='ocrx_word' id='word_1_20' title='bbox 647 407 775 454; x_wconf 84' lang='lat' dir='ltr'><strong>quam</strong></span> <span class='ocrx_word' id='word_1_21' title='bbox 803 391 854 438; x_wconf 81' lang='lat' dir='ltr'><strong>{is</strong></span> <span class='ocrx_word' id='word_1_22' title='bbox 887 408 1066 454; x_wconf 83' lang='lat' dir='ltr'><strong>aequus.</strong></span> <span class='ocrx_word' id='word_1_23' title='bbox 1105 393 1264 439; x_wconf 83' lang='lat' dir='ltr'><strong>horum</strong></span> <span class='ocrx_word' id='word_1_24' title='bbox 1293 384 1466 457; x_wconf 84' lang='lat' dir='ltr'><strong>optares</strong></span> <span class='ocrx_word' id='word_1_25' title='bbox 1495 396 1564 442; x_wconf 76' lang='lat' dir='ltr'><strong>ni-</strong></span> 
     </span>
     <span class='ocr_line' id='line_1_5' title="bbox 289 462 1563 524; baseline 0.002 -15"><span class='ocrx_word' id='word_1_26' title='bbox 289 465 376 521; x_wconf 82' lang='lat' dir='ltr'><strong>hil,</strong></span> <span class='ocrx_word' id='word_1_27' title='bbox 392 465 421 510; x_wconf 87' lang='lat' dir='ltr'>fi</span> <span class='ocrx_word' id='word_1_28' title='bbox 447 464 527 510; x_wconf 85' lang='lat' dir='ltr'><strong>tibi</strong></span> <span class='ocrx_word' id='word_1_29' title='bbox 551 462 811 510; x_wconf 79' lang='lat' dir='ltr'><strong>beneficium</strong></span> <span class='ocrx_word' id='word_1_30' title='bbox 842 478 934 509; x_wconf 85' lang='lat' dir='ltr'><strong>non</strong></span> <span class='ocrx_word' id='word_1_31' title='bbox 963 464 1156 510; x_wconf 71' lang='lat' dir='ltr'><strong>decliffet.</strong></span> <span class='ocrx_word' id='word_1_32' title='bbox 1192 466 1252 512; x_wconf 93' lang='lat' dir='ltr'><strong>Ut</strong></span> <span class='ocrx_word' id='word_1_33' title='bbox 1272 466 1351 512; x_wconf 82' lang='lat' dir='ltr'><strong>alia</strong></span> <span class='ocrx_word' id='word_1_34' title='bbox 1377 482 1563 524; x_wconf 79' lang='lat' dir='ltr'><strong>taceam,</strong></span> 
     </span>
     <span class='ocr_line' id='line_1_6' title="bbox 292 537 1565 602; baseline 0.003 -19"><span class='ocrx_word' id='word_1_35' title='bbox 292 555 404 599; x_wconf 78' lang='lat' dir='ltr'><strong>quae</strong></span> <span class='ocrx_word' id='word_1_36' title='bbox 429 537 633 599; x_wconf 78' lang='lat' dir='ltr'><strong>graviora</strong></span> <span class='ocrx_word' id='word_1_37' title='bbox 663 537 934 596; x_wconf 83' lang='lat' dir='ltr'><strong>committis,</strong></span> <span class='ocrx_word' id='word_1_38' title='bbox 965 538 1139 600; x_wconf 81' lang='lat' dir='ltr'><strong>peffima</strong></span> <span class='ocrx_word' id='word_1_39' title='bbox 1169 556 1252 601; x_wconf 85' lang='lat' dir='ltr'><strong>pro</strong></span> <span class='ocrx_word' id='word_1_40' title='bbox 1285 540 1463 602; x_wconf 83' lang='lat' dir='ltr'><strong>optimis</strong></span> <span class='ocrx_word' id='word_1_41' title='bbox 1493 558 1565 587; x_wconf 86' lang='lat' dir='ltr'><strong>re-</strong></span> 
     </span>
     <span class='ocr_line' id='line_1_7' title="bbox 291 609 1564 675; baseline 0.003 -19"><span class='ocrx_word' id='word_1_42' title='bbox 291 611 506 669; x_wconf 81' lang='lat' dir='ltr'><strong>ferendo,</strong></span> <span class='ocrx_word' id='word_1_43' title='bbox 537 611 624 656; x_wconf 89' lang='lat' dir='ltr'><strong>hoc</strong></span> <span class='ocrx_word' id='word_1_44' title='bbox 657 623 772 656; x_wconf 87' lang='lat' dir='ltr'><strong>certe</strong></span> <span class='ocrx_word' id='word_1_45' title='bbox 802 609 1040 673; x_wconf 81' lang='lat' dir='ltr'><strong>delinquis,</strong></span> <span class='ocrx_word' id='word_1_46' title='bbox 1078 611 1198 673; x_wconf 86' lang='lat' dir='ltr'><strong>quod</strong></span> <span class='ocrx_word' id='word_1_47' title='bbox 1232 628 1319 657; x_wconf 89' lang='lat' dir='ltr'><strong>non</strong></span> <span class='ocrx_word' id='word_1_48' title='bbox 1349 613 1564 675; x_wconf 65' lang='lat' dir='ltr'><strong>exspefias</strong></span> 
     </span>
     <span class='ocr_line' id='line_1_8' title="bbox 291 683 1563 750; baseline 0.002 -20"><span class='ocrx_word' id='word_1_49' title='bbox 291 684 417 730; x_wconf 88' lang='lat' dir='ltr'><strong>suum</strong></span> <span class='ocrx_word' id='word_1_50' title='bbox 459 683 669 750; x_wconf 76' lang='lat' dir='ltr'><strong>cuiusque</strong></span> <span class='ocrx_word' id='word_1_51' title='bbox 703 683 767 729; x_wconf 87' lang='lat' dir='ltr'><strong>rei</strong></span> <span class='ocrx_word' id='word_1_52' title='bbox 799 698 970 745; x_wconf 87' lang='lat' dir='ltr'><strong>tempus</strong></span> <span class='ocrx_word' id='word_1_53' title='bbox 1003 701 1013 729; x_wconf 90' lang='lat'>:</span> <span class='ocrx_word' id='word_1_54' title='bbox 1049 684 1171 746; x_wconf 88' lang='lat' dir='ltr'><strong>quod</strong></span> <span class='ocrx_word' id='word_1_55' title='bbox 1209 700 1345 747; x_wconf 83' lang='lat' dir='ltr'><strong>aeque</strong></span> <span class='ocrx_word' id='word_1_56' title='bbox 1380 699 1563 747; x_wconf 76' lang='lat' dir='ltr'><strong>peccat,</strong></span> 
     </span>
     <span class='ocr_line' id='line_1_9' title="bbox 291 755 1565 820; baseline 0.002 -18"><span class='ocrx_word' id='word_1_57' title='bbox 291 757 367 820; x_wconf 84' lang='lat' dir='ltr'><strong>qui</strong></span> <span class='ocrx_word' id='word_1_58' title='bbox 403 773 492 802; x_wconf 86' lang='lat' dir='ltr'><strong>non</strong></span> <span class='ocrx_word' id='word_1_59' title='bbox 526 755 742 819; x_wconf 82' lang='lat' dir='ltr'><strong>sequitur,</strong></span> <span class='ocrx_word' id='word_1_60' title='bbox 773 771 905 816; x_wconf 78' lang='lat' dir='ltr'><strong>quam</strong></span> <span class='ocrx_word' id='word_1_61' title='bbox 931 755 1008 818; x_wconf 84' lang='lat' dir='ltr'><strong>qui</strong></span> <span class='ocrx_word' id='word_1_62' title='bbox 1039 756 1270 802; x_wconf 80' lang='lat' dir='ltr'>antecedit.</span> <span class='ocrx_word' id='word_1_63' title='bbox 1314 759 1565 818; x_wconf 80' lang='lat' dir='ltr'>Quomodo</span> 
     </span>
     <span class='ocr_line' id='line_1_10' title="bbox 292 827 1565 891; baseline 0.002 -16"><span class='ocrx_word' id='word_1_64' title='bbox 292 845 383 876; x_wconf 85' lang='lat' dir='ltr'><strong>non</strong></span> <span class='ocrx_word' id='word_1_65' title='bbox 401 829 570 891; x_wconf 78' lang='lat' dir='ltr'><strong>semper</strong></span> <span class='ocrx_word' id='word_1_66' title='bbox 590 827 847 875; x_wconf 75' lang='lat' dir='ltr'><strong>beneficium</strong></span> <span class='ocrx_word' id='word_1_67' title='bbox 869 828 1168 890; x_wconf 85' lang='lat' dir='ltr'><strong>recipiendum</strong></span> <span class='ocrx_word' id='word_1_68' title='bbox 1189 829 1272 887; x_wconf 89' lang='lat' dir='ltr'><strong>est,</strong></span> <span class='ocrx_word' id='word_1_69' title='bbox 1287 830 1345 877; x_wconf 83' lang='lat' dir='ltr'><strong>sic</strong></span> <span class='ocrx_word' id='word_1_70' title='bbox 1366 847 1457 877; x_wconf 90' lang='lat' dir='ltr'><strong>non</strong></span> <span class='ocrx_word' id='word_1_71' title='bbox 1479 831 1565 878; x_wconf 89' lang='lat' dir='ltr'><strong>uti-</strong></span> 
     </span>
     <span class='ocr_line' id='line_1_11' title="bbox 293 901 1566 966; baseline 0.002 -17"><span class='ocrx_word' id='word_1_72' title='bbox 293 919 379 966; x_wconf 86' lang='lat' dir='ltr'><strong>que</strong></span> <span class='ocrx_word' id='word_1_73' title='bbox 401 902 686 949; x_wconf 79' lang='lat' dir='ltr'><strong>reddendum.</strong></span> <span class='ocrx_word' id='word_1_74' title='bbox 725 903 767 947; x_wconf 88' lang='lat' dir='ltr'><strong>Si</strong></span> <span class='ocrx_word' id='word_1_75' title='bbox 795 902 903 947; x_wconf 86' lang='lat' dir='ltr'><strong>mihi</strong></span> <span class='ocrx_word' id='word_1_76' title='bbox 929 918 1021 947; x_wconf 93' lang='lat' dir='ltr'><strong>non</strong></span> <span class='ocrx_word' id='word_1_77' title='bbox 1054 901 1310 949; x_wconf 83' lang='lat' dir='ltr'><strong>defideranti</strong></span> <span class='ocrx_word' id='word_1_78' title='bbox 1338 906 1566 963; x_wconf 85' lang='lat' dir='ltr'><strong>redderes,</strong></span> 
     </span>
     <span class='ocr_line' id='line_1_12' title="bbox 293 974 1565 1039; baseline 0.002 -17"><span class='ocrx_word' id='word_1_79' title='bbox 293 977 484 1039; x_wconf 83' lang='lat' dir='ltr'><strong>ingratus</strong></span> <span class='ocrx_word' id='word_1_80' title='bbox 516 975 652 1021; x_wconf 81' lang='lat' dir='ltr'><strong>effes:</strong></span> <span class='ocrx_word' id='word_1_81' title='bbox 685 989 853 1038; x_wconf 80' lang='lat' dir='ltr'><strong>quanto</strong></span> <span class='ocrx_word' id='word_1_82' title='bbox 880 974 1093 1037; x_wconf 83' lang='lat' dir='ltr'><strong>ingratior</strong></span> <span class='ocrx_word' id='word_1_83' title='bbox 1123 991 1194 1035; x_wconf 87' lang='lat' dir='ltr'><strong>es,</strong></span> <span class='ocrx_word' id='word_1_84' title='bbox 1223 976 1299 1038; x_wconf 88' lang='lat' dir='ltr'><strong>qui</strong></span> <span class='ocrx_word' id='word_1_85' title='bbox 1325 977 1565 1024; x_wconf 81' lang='lat' dir='ltr'><strong>desiderare</strong></span> 
     </span>
     <span class='ocr_line' id='line_1_13' title="bbox 293 1046 1567 1112; baseline 0.001 -16"><span class='ocrx_word' id='word_1_86' title='bbox 293 1067 363 1096; x_wconf 85' lang='lat' dir='ltr'><strong>me</strong></span> <span class='ocrx_word' id='word_1_87' title='bbox 391 1050 544 1112; x_wconf 82' lang='lat' dir='ltr'><strong>cogis?</strong></span> <span class='ocrx_word' id='word_1_88' title='bbox 578 1049 792 1111; x_wconf 69' lang='lat' dir='ltr'><strong>Exspecta.</strong></span> <span class='ocrx_word' id='word_1_89' title='bbox 817 1064 950 1111; x_wconf 77' lang='lat' dir='ltr'><strong>quare</strong></span> <span class='ocrx_word' id='word_1_90' title='bbox 974 1046 1186 1093; x_wconf 71' lang='lat' dir='ltr'><strong>subsidere</strong></span> <span class='ocrx_word' id='word_1_91' title='bbox 1205 1050 1318 1111; x_wconf 81' lang='lat' dir='ltr'><strong>apud</strong></span> <span class='ocrx_word' id='word_1_92' title='bbox 1344 1062 1384 1097; x_wconf 93' lang='lat' dir='ltr'><strong>te</strong></span> <span class='ocrx_word' id='word_1_93' title='bbox 1409 1067 1567 1097; x_wconf 87' lang='lat' dir='ltr'><strong>munus</strong></span> 
     </span>
     <span class='ocr_line' id='line_1_14' title="bbox 293 1121 1565 1188; baseline 0.001 -18"><span class='ocrx_word' id='word_1_94' title='bbox 293 1141 440 1170; x_wconf 86' lang='lat' dir='ltr'><strong>meum</strong></span> <span class='ocrx_word' id='word_1_95' title='bbox 471 1140 561 1169; x_wconf 91' lang='lat' dir='ltr'><strong>non</strong></span> <span class='ocrx_word' id='word_1_96' title='bbox 588 1123 685 1170; x_wconf 75' lang='lat' dir='ltr'><strong>vis?</strong></span> <span class='ocrx_word' id='word_1_97' title='bbox 709 1138 841 1186; x_wconf 80' lang='lat' dir='ltr'><strong>quare</strong></span> <span class='ocrx_word' id='word_1_98' title='bbox 873 1121 1091 1184; x_wconf 84' lang='lat' dir='ltr'><strong>obligatus</strong></span> <span class='ocrx_word' id='word_1_99' title='bbox 1110 1123 1288 1169; x_wconf 83' lang='lat' dir='ltr'><strong>moleste</strong></span> <span class='ocrx_word' id='word_1_100' title='bbox 1313 1123 1428 1171; x_wconf 84' lang='lat' dir='ltr'><strong>fers?</strong></span> <span class='ocrx_word' id='word_1_101' title='bbox 1455 1141 1565 1188; x_wconf 84' lang='lat' dir='ltr'><strong>qua-</strong></span> 
     </span>
     <span class='ocr_line' id='line_1_15' title="bbox 294 1192 1565 1259; baseline 0.001 -17"><span class='ocrx_word' id='word_1_102' title='bbox 294 1214 341 1242; x_wconf 84' lang='lat' dir='ltr'><strong>re</strong></span> <span class='ocrx_word' id='word_1_103' title='bbox 359 1228 373 1250; x_wconf 91' lang='lat'>‚</span> <span class='ocrx_word' id='word_1_104' title='bbox 398 1197 515 1258; x_wconf 76' lang='lat' dir='ltr'><strong>quasi</strong></span> <span class='ocrx_word' id='word_1_105' title='bbox 536 1213 634 1242; x_wconf 81' lang='lat' dir='ltr'><strong>cum</strong></span> <span class='ocrx_word' id='word_1_106' title='bbox 655 1197 816 1240; x_wconf 80' lang='lat' dir='ltr'><strong>acerbo</strong></span> <span class='ocrx_word' id='word_1_107' title='bbox 837 1192 1116 1241; x_wconf 81' lang='lat' dir='ltr'><strong>foeneratore</strong></span> <span class='ocrx_word' id='word_1_108' title='bbox 1130 1230 1143 1252; x_wconf 93' lang='lat'><strong>,</strong></span> <span class='ocrx_word' id='word_1_109' title='bbox 1173 1195 1334 1259; x_wconf 78' lang='lat' dir='ltr'><strong>signare</strong></span> <span class='ocrx_word' id='word_1_110' title='bbox 1352 1199 1565 1244; x_wconf 73' lang='lat' dir='ltr'><strong>rationem</strong></span> 
     </span>
     <span class='ocr_line' id='line_1_16' title="bbox 290 1266 1564 1334; baseline 0.003 -20"><span class='ocrx_word' id='word_1_111' title='bbox 290 1285 438 1332; x_wconf 77' lang='lat' dir='ltr'><strong>parem</strong></span> <span class='ocrx_word' id='word_1_112' title='bbox 461 1269 700 1331; x_wconf 79' lang='lat' dir='ltr'><strong>properas?</strong></span> <span class='ocrx_word' id='word_1_113' title='bbox 723 1269 845 1328; x_wconf 79' lang='lat' dir='ltr'><strong>Quid</strong></span> <span class='ocrx_word' id='word_1_114' title='bbox 864 1266 969 1313; x_wconf 86' lang='lat' dir='ltr'><strong>mihi</strong></span> <span class='ocrx_word' id='word_1_115' title='bbox 990 1269 1212 1330; x_wconf 80' lang='lat' dir='ltr'><strong>negotium</strong></span> <span class='ocrx_word' id='word_1_116' title='bbox 1234 1271 1401 1334; x_wconf 82' lang='lat' dir='ltr'><strong>quaeris</strong></span> <span class='ocrx_word' id='word_1_117' title='bbox 1413 1272 1435 1321; x_wconf 28' lang='lat'><strong>¹?</strong></span> <span class='ocrx_word' id='word_1_118' title='bbox 1455 1273 1564 1334; x_wconf 88' lang='lat' dir='ltr'><strong>quid</strong></span> 
     </span>
     <span class='ocr_line' id='line_1_17' title="bbox 292 1340 1566 1408; baseline 0.005 -21"><span class='ocrx_word' id='word_1_119' title='bbox 292 1343 336 1387; x_wconf 88' lang='lat' dir='ltr'><strong>in</strong></span> <span class='ocrx_word' id='word_1_120' title='bbox 369 1358 439 1387; x_wconf 86' lang='lat' dir='ltr'><strong>me</strong></span> <span class='ocrx_word' id='word_1_121' title='bbox 473 1341 580 1387; x_wconf 85' lang='lat' dir='ltr'><strong>deos</strong></span> <span class='ocrx_word' id='word_1_122' title='bbox 613 1340 847 1387; x_wconf 81' lang='lat' dir='ltr'><strong>immittis?</strong></span> <span class='ocrx_word' id='word_1_123' title='bbox 879 1341 1116 1404; x_wconf 91' lang='lat' dir='ltr'><strong>quomodo</strong></span> <span class='ocrx_word' id='word_1_124' title='bbox 1149 1344 1370 1406; x_wconf 78' lang='lat' dir='ltr'><strong>exigeres,</strong></span> <span class='ocrx_word' id='word_1_125' title='bbox 1400 1345 1476 1408; x_wconf 86' lang='lat' dir='ltr'><strong>qui</strong></span> <span class='ocrx_word' id='word_1_126' title='bbox 1508 1346 1566 1393; x_wconf 82' lang='lat' dir='ltr'><strong>sic</strong></span> 
     </span>
     <span class='ocr_line' id='line_1_18' title="bbox 292 1414 474 1462; baseline -0.022 0"><span class='ocrx_word' id='word_1_127' title='bbox 292 1415 435 1462; x_wconf 81' lang='lat' dir='ltr'><strong>reddis</strong></span> <span class='ocrx_word' id='word_1_128' title='bbox 457 1414 474 1459; x_wconf 86' lang='lat'>?</span> 
     </span>
    </p>

    <p class='ocr_par' dir='ltr' id='par_1_4' title="bbox 266 1480 1618 2491">
     <span class='ocr_line' id='line_1_19' title="bbox 357 1480 1566 1547; baseline -0.002 -15"><span class='ocrx_word' id='word_1_129' title='bbox 357 1488 472 1533; x_wconf 76' lang='lat' dir='ltr'>XLI.</span> <span class='ocrx_word' id='word_1_130' title='bbox 501 1490 615 1532; x_wconf 84' lang='lat' dir='ltr'><strong>Ante</strong></span> <span class='ocrx_word' id='word_1_131' title='bbox 640 1485 788 1532; x_wconf 79' lang='lat' dir='ltr'><strong>omnia</strong></span> <span class='ocrx_word' id='word_1_132' title='bbox 809 1500 940 1547; x_wconf 82' lang='lat' dir='ltr'><strong>ergo,</strong></span> <span class='ocrx_word' id='word_1_133' title='bbox 967 1480 1200 1539; x_wconf 79' lang='lat' dir='ltr'><strong>Liberalis,</strong></span> <span class='ocrx_word' id='word_1_134' title='bbox 1225 1483 1312 1529; x_wconf 82' lang='lat' dir='ltr'><strong>hoc</strong></span> <span class='ocrx_word' id='word_1_135' title='bbox 1339 1483 1566 1543; x_wconf 84' lang='lat' dir='ltr'><strong>discamus,</strong></span> 
     </span>
     <span class='ocr_line' id='line_1_20' title="bbox 293 1554 1567 1614; baseline -0.005 -6"><span class='ocrx_word' id='word_1_136' title='bbox 293 1560 503 1609; x_wconf 75' lang='lat' dir='ltr'><strong>beneficia</strong></span> <span class='ocrx_word' id='word_1_137' title='bbox 539 1559 688 1605; x_wconf 84' lang='lat' dir='ltr'><strong>secure</strong></span> <span class='ocrx_word' id='word_1_138' title='bbox 728 1559 890 1605; x_wconf 83' lang='lat' dir='ltr'><strong>debere</strong></span> <span class='ocrx_word' id='word_1_139' title='bbox 911 1594 926 1614; x_wconf 93' lang='lat'><strong>,</strong></span> <span class='ocrx_word' id='word_1_140' title='bbox 958 1570 1000 1602; x_wconf 86' lang='lat' dir='ltr'><strong>et</strong></span> <span class='ocrx_word' id='word_1_141' title='bbox 1032 1554 1281 1602; x_wconf 73' lang='lat' dir='ltr'><strong>occasiones</strong></span> <span class='ocrx_word' id='word_1_142' title='bbox 1316 1557 1567 1603; x_wconf 86' lang='lat' dir='ltr'><strong>reddendo-</strong></span> 
     </span>
     <span class='ocr_line' id='line_1_21' title="bbox 290 1620 1564 1690; baseline -0.004 -11"><span class='ocrx_word' id='word_1_143' title='bbox 290 1651 384 1680; x_wconf 79' lang='lat' dir='ltr'><strong>rum</strong></span> <span class='ocrx_word' id='word_1_144' title='bbox 412 1633 645 1679; x_wconf 72' lang='lat' dir='ltr'><strong>observare</strong></span> <span class='ocrx_word' id='word_1_145' title='bbox 663 1668 676 1689; x_wconf 91' lang='lat'><strong>,</strong></span> <span class='ocrx_word' id='word_1_146' title='bbox 701 1647 791 1677; x_wconf 83' lang='lat' dir='ltr'><strong>uon</strong></span> <span class='ocrx_word' id='word_1_147' title='bbox 821 1647 952 1675; x_wconf 77' lang='lat' dir='ltr'><strong>manu</strong></span> <span class='ocrx_word' id='word_1_148' title='bbox 983 1628 1139 1674; x_wconf 80' lang='lat' dir='ltr'><strong>facere.</strong></span> <span class='ocrx_word' id='word_1_149' title='bbox 1185 1628 1294 1674; x_wconf 75' lang='lat' dir='ltr'><strong>hanc</strong></span> <span class='ocrx_word' id='word_1_150' title='bbox 1329 1627 1462 1690; x_wconf 73' lang='lat' dir='ltr'><strong>ipsam</strong></span> <span class='ocrx_word' id='word_1_151' title='bbox 1484 1620 1564 1674; x_wconf 30' lang='lat' dir='ltr'><strong>&#39;cu-</strong></span> 
     </span>
     <span class='ocr_line' id='line_1_22' title="bbox 290 1699 1566 1768; baseline -0.002 -19"><span class='ocrx_word' id='word_1_152' title='bbox 290 1706 513 1768; x_wconf 71' lang='lat' dir='ltr'><strong>piditatem</strong></span> <span class='ocrx_word' id='word_1_153' title='bbox 536 1705 681 1766; x_wconf 76' lang='lat' dir='ltr'><strong>primo</strong></span> <span class='ocrx_word' id='word_1_154' title='bbox 708 1718 887 1766; x_wconf 77' lang='lat' dir='ltr'><strong>quoque</strong></span> <span class='ocrx_word' id='word_1_155' title='bbox 913 1705 1114 1763; x_wconf 87' lang='lat' dir='ltr'><strong>tempore</strong></span> <span class='ocrx_word' id='word_1_156' title='bbox 1146 1699 1356 1746; x_wconf 80' lang='lat' dir='ltr'><strong>liberandi</strong></span> <span class='ocrx_word' id='word_1_157' title='bbox 1384 1699 1452 1758; x_wconf 88' lang='lat' dir='ltr'><strong>se,</strong></span> <span class='ocrx_word' id='word_1_158' title='bbox 1473 1717 1566 1746; x_wconf 50' lang='lat' dir='ltr'><strong>mea</strong></span> 
     </span>
     <span class='ocr_line' id='line_1_23' title="bbox 292 1771 1566 1838; baseline -0.004 -15"><span class='ocrx_word' id='word_1_159' title='bbox 292 1777 547 1824; x_wconf 81' lang='lat' dir='ltr'><strong>minerimus</strong></span> <span class='ocrx_word' id='word_1_160' title='bbox 570 1776 726 1838; x_wconf 78' lang='lat' dir='ltr'><strong>ingrati</strong></span> <span class='ocrx_word' id='word_1_161' title='bbox 755 1773 851 1820; x_wconf 75' lang='lat' dir='ltr'><strong>effe.</strong></span> <span class='ocrx_word' id='word_1_162' title='bbox 881 1775 1027 1819; x_wconf 72' lang='lat' dir='ltr'><strong>Nemo</strong></span> <span class='ocrx_word' id='word_1_163' title='bbox 1054 1771 1169 1818; x_wconf 85' lang='lat' dir='ltr'><strong>enim</strong></span> <span class='ocrx_word' id='word_1_164' title='bbox 1201 1773 1383 1819; x_wconf 88' lang='lat' dir='ltr'><strong>libenter</strong></span> <span class='ocrx_word' id='word_1_165' title='bbox 1408 1773 1566 1831; x_wconf 86' lang='lat' dir='ltr'><strong>reddit,</strong></span> 
     </span>
     <span class='ocr_line' id='line_1_24' title="bbox 292 1845 1564 1912; baseline -0.003 -17"><span class='ocrx_word' id='word_1_166' title='bbox 292 1851 414 1912; x_wconf 77' lang='lat' dir='ltr'><strong>quod</strong></span> <span class='ocrx_word' id='word_1_167' title='bbox 442 1849 603 1895; x_wconf 83' lang='lat' dir='ltr'><strong>invitus</strong></span> <span class='ocrx_word' id='word_1_168' title='bbox 631 1850 759 1895; x_wconf 82' lang='lat' dir='ltr'><strong>debet</strong></span> <span class='ocrx_word' id='word_1_169' title='bbox 779 1863 788 1893; x_wconf 73' lang='grc' dir='ltr'><strong>ε’</strong></span> <span class='ocrx_word' id='word_1_170' title='bbox 810 1864 852 1894; x_wconf 87' lang='lat' dir='ltr'><strong>et</strong></span> <span class='ocrx_word' id='word_1_171' title='bbox 879 1848 1001 1909; x_wconf 82' lang='lat' dir='ltr'><strong>quod</strong></span> <span class='ocrx_word' id='word_1_172' title='bbox 1027 1846 1145 1908; x_wconf 81' lang='lat' dir='ltr'><strong>apud</strong></span> <span class='ocrx_word' id='word_1_173' title='bbox 1177 1846 1216 1892; x_wconf 91' lang='lat' dir='ltr'><strong>se</strong></span> <span class='ocrx_word' id='word_1_174' title='bbox 1246 1862 1336 1892; x_wconf 89' lang='lat' dir='ltr'><strong>non</strong></span> <span class='ocrx_word' id='word_1_175' title='bbox 1371 1845 1466 1892; x_wconf 88' lang='lat' dir='ltr'><strong>vult</strong></span> <span class='ocrx_word' id='word_1_176' title='bbox 1496 1845 1564 1892; x_wconf 85' lang='lat' dir='ltr'><strong>es-</strong></span> 
     </span>
     <span class='ocr_line' id='line_1_25' title="bbox 294 1919 1566 1979; baseline -0.003 -11"><span class='ocrx_word' id='word_1_177' title='bbox 294 1923 335 1969; x_wconf 67' lang='lat' dir='ltr'><strong>se</strong></span> <span class='ocrx_word' id='word_1_178' title='bbox 354 1959 366 1979; x_wconf 91' lang='lat'><strong>‚</strong></span> <span class='ocrx_word' id='word_1_179' title='bbox 390 1939 501 1969; x_wconf 84' lang='lat' dir='ltr'><strong>onus</strong></span> <span class='ocrx_word' id='word_1_180' title='bbox 533 1923 692 1967; x_wconf 73' lang='lat' dir='ltr'><strong>iudicat</strong></span> <span class='ocrx_word' id='word_1_181' title='bbox 721 1921 831 1978; x_wconf 84' lang='lat' dir='ltr'><strong>effe,</strong></span> <span class='ocrx_word' id='word_1_182' title='bbox 866 1937 957 1965; x_wconf 89' lang='lat' dir='ltr'><strong>non</strong></span> <span class='ocrx_word' id='word_1_183' title='bbox 992 1935 1158 1966; x_wconf 84' lang='lat' dir='ltr'><strong>munus.</strong></span> <span class='ocrx_word' id='word_1_184' title='bbox 1197 1921 1378 1979; x_wconf 83' lang='lat' dir='ltr'><strong>Quanto</strong></span> <span class='ocrx_word' id='word_1_185' title='bbox 1410 1919 1566 1964; x_wconf 81' lang='lat' dir='ltr'><strong>melius</strong></span> 
     </span>
     <span class='ocr_line' id='line_1_26' title="bbox 266 1991 1566 2056; baseline -0.002 -17"><span class='ocrx_word' id='word_1_186' title='bbox 266 1991 270 1995; x_wconf 73' lang='grc'><strong>’</strong></span> <span class='ocrx_word' id='word_1_187' title='bbox 293 2011 343 2039; x_wconf 70' lang='grc' dir='ltr'><strong>ες</strong></span> <span class='ocrx_word' id='word_1_188' title='bbox 367 1993 541 2051; x_wconf 84' lang='lat' dir='ltr'><strong>iustius,</strong></span> <span class='ocrx_word' id='word_1_189' title='bbox 568 1995 613 2039; x_wconf 89' lang='lat' dir='ltr'><strong>in</strong></span> <span class='ocrx_word' id='word_1_190' title='bbox 642 2005 820 2056; x_wconf 80' lang='lat' dir='ltr'><strong>promtu</strong></span> <span class='ocrx_word' id='word_1_191' title='bbox 845 1992 1003 2038; x_wconf 74' lang='lat' dir='ltr'><strong>habere</strong></span> <span class='ocrx_word' id='word_1_192' title='bbox 1035 1993 1186 2037; x_wconf 82' lang='lat' dir='ltr'><strong>merita</strong></span> <span class='ocrx_word' id='word_1_193' title='bbox 1214 1991 1489 2037; x_wconf 78' lang='lat' dir='ltr'><strong>amicorum:</strong></span> <span class='ocrx_word' id='word_1_194' title='bbox 1522 2003 1566 2037; x_wconf 90' lang='lat' dir='ltr'><strong>et</strong></span> 
     </span>
     <span class='ocr_line' id='line_1_27' title="bbox 293 2059 1618 2126; baseline -0.002 -15"><span class='ocrx_word' id='word_1_195' title='bbox 293 2064 453 2113; x_wconf 78' lang='lat' dir='ltr'><strong>offerre</strong></span> <span class='ocrx_word' id='word_1_196' title='bbox 471 2100 485 2122; x_wconf 87' lang='lat'><strong>,</strong></span> <span class='ocrx_word' id='word_1_197' title='bbox 514 2082 606 2111; x_wconf 80' lang='lat' dir='ltr'><strong>non</strong></span> <span class='ocrx_word' id='word_1_198' title='bbox 631 2065 852 2126; x_wconf 83' lang='lat' dir='ltr'><strong>ingerere,</strong></span> <span class='ocrx_word' id='word_1_199' title='bbox 884 2079 964 2109; x_wconf 86' lang='lat' dir='ltr'><strong>nec</strong></span> <span class='ocrx_word' id='word_1_200' title='bbox 996 2064 1248 2109; x_wconf 80' lang='lat' dir='ltr'><strong>obaeratum</strong></span> <span class='ocrx_word' id='word_1_201' title='bbox 1272 2061 1314 2108; x_wconf 91' lang='lat' dir='ltr'><strong>se</strong></span> <span class='ocrx_word' id='word_1_202' title='bbox 1339 2059 1564 2108; x_wconf 74' lang='lat' dir='ltr'><strong>iudicare?</strong></span> <span class='ocrx_word' id='word_1_203' title='bbox 1616 2090 1618 2094; x_wconf 58' lang='lat'>&gt;</span> 
     </span>
     <span class='ocr_line' id='line_1_28' title="bbox 292 2133 1568 2200; baseline -0.004 -17"><span class='ocrx_word' id='word_1_204' title='bbox 292 2138 501 2200; x_wconf 77' lang='lat' dir='ltr'><strong>quoniam</strong></span> <span class='ocrx_word' id='word_1_205' title='bbox 533 2135 793 2183; x_wconf 69' lang='lat' dir='ltr'><strong>beneficium</strong></span> <span class='ocrx_word' id='word_1_206' title='bbox 824 2152 1061 2182; x_wconf 88' lang='lat' dir='ltr'><strong>commune</strong></span> <span class='ocrx_word' id='word_1_207' title='bbox 1084 2134 1305 2182; x_wconf 77' lang='lat' dir='ltr'><strong>vinculum</strong></span> <span class='ocrx_word' id='word_1_208' title='bbox 1336 2133 1422 2191; x_wconf 87' lang='lat' dir='ltr'><strong>est,</strong></span> <span class='ocrx_word' id='word_1_209' title='bbox 1441 2145 1483 2180; x_wconf 87' lang='lat' dir='ltr'><strong>et</strong></span> <span class='ocrx_word' id='word_1_210' title='bbox 1499 2134 1568 2178; x_wconf 81' lang='lat' dir='ltr'><strong>in—</strong></span> 
     </span>
     <span class='ocr_line' id='line_1_29' title="bbox 293 2207 1567 2272; baseline -0.003 -16"><span class='ocrx_word' id='word_1_211' title='bbox 293 2223 358 2256; x_wconf 80' lang='lat' dir='ltr'><strong>ter</strong></span> <span class='ocrx_word' id='word_1_212' title='bbox 389 2210 429 2256; x_wconf 88' lang='lat' dir='ltr'><strong>se</strong></span> <span class='ocrx_word' id='word_1_213' title='bbox 461 2210 570 2256; x_wconf 86' lang='lat' dir='ltr'><strong>duos</strong></span> <span class='ocrx_word' id='word_1_214' title='bbox 599 2209 754 2272; x_wconf 73' lang='lat' dir='ltr'><strong>alligat.</strong></span> <span class='ocrx_word' id='word_1_215' title='bbox 795 2209 915 2265; x_wconf 85' lang='lat' dir='ltr'><strong>Dic,</strong></span> <span class='ocrx_word' id='word_1_216' title='bbox 947 2207 1068 2253; x_wconf 87' lang='lat' dir='ltr'><strong>Nihil</strong></span> <span class='ocrx_word' id='word_1_217' title='bbox 1100 2222 1284 2262; x_wconf 89' lang='lat' dir='ltr'><strong>moror,</strong></span> <span class='ocrx_word' id='word_1_218' title='bbox 1304 2223 1395 2268; x_wconf 85' lang='lat' dir='ltr'><strong>quo</strong></span> <span class='ocrx_word' id='word_1_219' title='bbox 1424 2207 1567 2252; x_wconf 82' lang='lat' dir='ltr'><strong>minus</strong></span> 
     </span>
     <span class='ocr_line' id='line_1_30' title="bbox 293 2278 1566 2343; baseline -0.002 -15"><span class='ocrx_word' id='word_1_220' title='bbox 293 2296 417 2328; x_wconf 70' lang='lat' dir='ltr'><strong>tuum</strong></span> <span class='ocrx_word' id='word_1_221' title='bbox 448 2296 688 2329; x_wconf 78' lang='lat' dir='ltr'><strong>revertatur</strong></span> <span class='ocrx_word' id='word_1_222' title='bbox 718 2281 771 2328; x_wconf 81' lang='lat' dir='ltr'><strong>ad</strong></span> <span class='ocrx_word' id='word_1_223' title='bbox 795 2296 837 2327; x_wconf 91' lang='lat' dir='ltr'><strong>te</strong></span> <span class='ocrx_word' id='word_1_224' title='bbox 859 2299 869 2327; x_wconf 75' lang='grc' dir='ltr'>ε</span> <span class='ocrx_word' id='word_1_225' title='bbox 888 2294 1000 2343; x_wconf 89' lang='lat' dir='ltr'><strong>opto</strong></span> <span class='ocrx_word' id='word_1_226' title='bbox 1030 2279 1172 2326; x_wconf 76' lang='lat' dir='ltr'><strong>hilaris</strong></span> <span class='ocrx_word' id='word_1_227' title='bbox 1199 2278 1397 2341; x_wconf 79' lang='lat' dir='ltr'><strong>accipias.</strong></span> <span class='ocrx_word' id='word_1_228' title='bbox 1425 2278 1457 2324; x_wconf 81' lang='lat' dir='ltr'><strong>si</strong></span> <span class='ocrx_word' id='word_1_229' title='bbox 1487 2294 1566 2326; x_wconf 86' lang='lat' dir='ltr'><strong>ne·</strong></span> 
     </span>
     <span class='ocr_line' id='line_1_31' title="bbox 293 2352 1562 2416; baseline -0.003 -14"><span class='ocrx_word' id='word_1_230' title='bbox 293 2354 456 2402; x_wconf 75' lang='lat' dir='ltr'><strong>ceffitas</strong></span> <span class='ocrx_word' id='word_1_231' title='bbox 475 2356 667 2402; x_wconf 81' lang='lat' dir='ltr'><strong>alterutri</strong></span> <span class='ocrx_word' id='word_1_232' title='bbox 690 2354 886 2401; x_wconf 86' lang='lat' dir='ltr'><strong>nostrum</strong></span> <span class='ocrx_word' id='word_1_233' title='bbox 916 2355 1136 2410; x_wconf 79' lang='lat' dir='ltr'><strong>imminet,</strong></span> <span class='ocrx_word' id='word_1_234' title='bbox 1164 2352 1344 2416; x_wconf 70' lang='lat' dir='ltr'><strong>fatoque</strong></span> <span class='ocrx_word' id='word_1_235' title='bbox 1368 2353 1562 2416; x_wconf 82' lang='lat' dir='ltr'><strong>quodam</strong></span> 
     </span>
     <span class='ocr_line' id='line_1_32' title="bbox 293 2426 1566 2491; baseline -0.002 -17"><span class='ocrx_word' id='word_1_236' title='bbox 293 2429 442 2476; x_wconf 76' lang='lat' dir='ltr'><strong>datum</strong></span> <span class='ocrx_word' id='word_1_237' title='bbox 460 2428 542 2488; x_wconf 85' lang='lat' dir='ltr'><strong>est,</strong></span> <span class='ocrx_word' id='word_1_238' title='bbox 565 2442 611 2477; x_wconf 85' lang='lat' dir='ltr'><strong>ut</strong></span> <span class='ocrx_word' id='word_1_239' title='bbox 626 2445 698 2476; x_wconf 84' lang='lat' dir='ltr'><strong>aut</strong></span> <span class='ocrx_word' id='word_1_240' title='bbox 717 2442 765 2476; x_wconf 88' lang='lat' dir='ltr'><strong>tu</strong></span> <span class='ocrx_word' id='word_1_241' title='bbox 783 2428 952 2491; x_wconf 76' lang='lat' dir='ltr'><strong>cogaris</strong></span> <span class='ocrx_word' id='word_1_242' title='bbox 971 2426 1233 2486; x_wconf 75' lang='lat' dir='ltr'><strong>beneficium</strong></span> <span class='ocrx_word' id='word_1_243' title='bbox 1262 2427 1475 2490; x_wconf 86' lang='lat' dir='ltr'><strong>recipere,</strong></span> <span class='ocrx_word' id='word_1_244' title='bbox 1493 2437 1566 2472; x_wconf 84' lang='lat' dir='ltr'><strong>aut</strong></span> 
     </span>
    </p>
   </div>
  </div>
 </body>
</html>
