1742 2967
279 214 335 246 10
500 200 548 246 L.
605 201 909 247 ΑΝΝΑΕΙ
958 199 1310 246 SENECAE

273 322 369 351 mea
396 322 407 352 :
434 320 474 353 at
504 307 772 354 mehercules
808 324 902 353 rem
939 307 1072 368 ipsam
1111 307 1284 368 premit.
1331 306 1444 353 Nam
1481 304 1508 352 {i
1530 339 1545 363 ‚

272 376 398 437 quod
428 377 571 424 adhuc
604 377 852 442 colligitur,
883 377 1055 424 animus
1085 377 1366 441 Reipublicae
1395 388 1441 423 tu
1472 393 1544 434 es,

269 449 341 496 illa
365 467 528 513 corpus
544 463 676 498 vtuum
697 467 709 496 ε
733 452 881 507 vides,
909 462 957 497 ut
982 461 1092 513 puto
1110 487 1121 509 ‚
1153 467 1284 515 quam
1312 450 1544 498 necessaria

269 523 499 570 clementia
535 524 598 570 fit.
630 523 709 571 tibi
737 523 853 571 enim
890 523 1057 586 parcis,
1095 538 1196 570 cum
1231 523 1395 571 videris
1423 521 1546 568 alteri

270 611 461 656 parcere.
501 596 774 642 Parcendum
809 596 956 657 itaque
985 593 1045 641 est
1080 594 1211 641 etiam
1242 593 1544 657 improbandis

269 667 439 714 civibus
470 683 561 713 non
589 667 711 713 aliter
737 683 869 730 quam
899 666 1108 714 membris
1135 666 1468 730 languentibus:
1500 679 1547 713 et

269 739 299 785 fi
321 740 495 803 quando
523 739 652 786 miffo
671 739 875 802 sanguine
905 755 1016 801 opus
1035 738 1095 786 est
1111 773 1125 797 ‚
1153 738 1450 786 sustinendum
1467 737 1546 795 est,

268 830 324 861 ne
354 814 464 859 ultra
493 830 624 875 quam
653 811 818 859 neceffe
849 811 899 859 s1t
929 812 1108 860 incidas.
1141 811 1213 858 Est
1237 828 1369 875 ergo,
1396 822 1446 858 ut
1473 810 1546 857 di-

267 886 417 931 cebam
438 920 451 941 ‚
485 884 714 931 clementia
745 883 951 930 omnibus
979 883 1161 947 quidem
1195 883 1448 930 hominibus
1477 881 1545 929 se·

266 958 461 1003 cundum
495 968 691 1003 naturam
709 991 722 1012 ‚
762 957 953 1004 maxime
983 970 1131 1003 tamen
1163 956 1326 1002 decora
1351 957 1545 1017 Impera-

267 1030 435 1077 toribus
456 1049 466 1076 z
491 1042 656 1093 quanto
682 1029 779 1092 plus
810 1030 938 1076 habet
964 1030 1078 1093 apud
1101 1029 1198 1076 illos
1226 1028 1348 1092 quod
1377 1027 1544 1084 servet,

265 1116 518 1166 quantoque
547 1103 591 1148 in
622 1102 789 1148 maiore
822 1102 1000 1149 materia
1035 1112 1228 1165 apparet.
1265 1099 1544 1161 Quantulum

266 1176 384 1222 euim
407 1187 537 1222 nocet
564 1175 732 1238 privata
758 1176 1024 1224 crudelitas?
1055 1174 1308 1240 Principum
1334 1173 1509 1221 saevitia
1525 1204 1542 1229 ‚

265 1249 423 1295 bellum
448 1249 521 1295 est.
555 1250 668 1295 Cum
700 1262 842 1296 autem
876 1250 1111 1298 virtutibus
1135 1249 1249 1297 inter
1277 1248 1321 1295 se
1349 1246 1398 1293 fit
1431 1263 1544 1295 con-

267 1321 415 1368 cordia
437 1357 450 1378 ‚
490 1338 571 1368 nec
606 1322 690 1367 ulla
728 1322 859 1368 altera
897 1323 1054 1370 melior
1088 1333 1161 1369 aut
1193 1319 1419 1368 honestior
1453 1319 1542 1366 fit:

266 1395 477 1457 quaedam
507 1407 653 1441 tamen
679 1395 935 1457 quibusdam
967 1394 1161 1457 personis
1183 1394 1332 1457 aptior
1356 1391 1430 1440 est.
1453 1392 1543 1438 De-

265 1480 334 1513 cet
360 1465 687 1531 magnanimitas
714 1468 953 1531 quemlibet
981 1468 1238 1526 mortalem,
1264 1467 1394 1514 etiam
1420 1465 1540 1511 illum

264 1541 376 1587 infra
413 1558 544 1605 quem
586 1542 693 1588 nihil
729 1542 802 1588 est.
845 1541 969 1603 Quid
999 1542 1116 1588 enim
1146 1542 1314 1597 maius,
1345 1551 1417 1586 aut
1446 1539 1542 1586 sor-

266 1614 377 1670 tius,
406 1631 535 1675 quam
567 1615 723 1659 malam
754 1614 975 1660 fortunam
1009 1614 1279 1661 retundere?
1319 1614 1438 1658 Haec
1472 1624 1543 1659 ta-

267 1704 369 1732 εὴεη
397 1687 726 1750 magnanimitas
753 1687 797 1733 in
816 1688 932 1733 bona
955 1687 1132 1733 fortuna
1157 1687 1374 1733 laxiorem
1394 1685 1543 1732 locum

265 1759 421 1816 habet,
448 1758 687 1821 meliusque
717 1757 762 1803 in
781 1757 1021 1815 tribunali,
1048 1775 1179 1820 quam
1210 1758 1255 1804 in
1277 1757 1408 1820 plano
1434 1772 1545 1804 con-

265 1832 456 1895 spicitur.
503 1830 749 1878 Clementia
793 1832 839 1878 in
871 1848 1178 1895 quamcunque
1216 1832 1402 1877 domum
1437 1846 1544 1893 per-

265 1904 461 1960 venerit,
488 1920 581 1949 eam
602 1902 777 1951 felicem
802 1904 1164 1967 tranquillamque
1188 1902 1418 1964 praestabit
1442 1900 1544 1948 :sed

265 1975 311 2022 in
338 1976 454 2039 regia
484 1992 576 2038 quo
599 1976 742 2022 rarior
762 2011 775 2034 ,
804 1992 860 2022 eo
896 1975 1149 2022 mirabilior.
1184 1974 1306 2034 Quid
1334 1973 1451 2020 enim
1483 1971 1545 2018 est

268 2049 596 2096 :memorabilius
615 2085 628 2107 ,
660 2066 789 2112 quam
826 2066 926 2095 eum
963 2049 1085 2096 cuius
1116 2049 1201 2097 irae
1237 2048 1344 2094 nihil
1375 2047 1542 2105 obstat,

268 2124 388 2170 cuius
411 2124 603 2187 graviori
631 2124 863 2171 sententiae
892 2124 969 2186 ipfi
995 2124 1070 2188 qui
1099 2136 1283 2187 pereunt
1308 2122 1544 2168 affentiun-

266 2208 364 2253 tur,
400 2213 527 2259 quem
561 2214 693 2243 nemo
731 2198 1078 2260 interpellaturus
1109 2197 1168 2245 est
1187 2233 1200 2255 ‚
1232 2197 1372 2242 immo
1401 2195 1432 2241 fi
1460 2210 1543 2242 ve-

268 2270 510 2318 hementius
535 2271 792 2326 excanduit,
815 2288 896 2318 nec
916 2271 1222 2334 deprecaturus
1248 2270 1424 2334 quidem
1439 2303 1453 2325 ‚
1471 2269 1544 2330 ip-

271 2344 363 2389 sum
390 2344 466 2391 fibi
496 2362 674 2391 manum
703 2346 901 2404 iniicere,
924 2358 967 2393 et
994 2345 1201 2409 potestate
1223 2344 1295 2391 sua
1317 2344 1363 2390 in
1389 2342 1550 2391 melius

269 2415 561 2479 placidiusque
590 2417 682 2463 uti?
710 2418 794 2465 hoc
823 2418 961 2480 ipsum
990 2418 1290 2482 cogitantem:
1323 2415 1543 2463 Occidere

267 2500 418 2535 contra
432 2489 570 2551 legem
590 2506 724 2538 nemo
742 2507 831 2539 non
851 2490 993 2555 potest
1012 2509 1023 2541 3
1051 2491 1220 2542 servare
1239 2505 1397 2547 nemo,
1413 2503 1542 2552 praee.
