<?xml version="1.0" encoding="UTF-8"?>
<!DOCTYPE html PUBLIC "-//W3C//DTD XHTML 1.0 Transitional//EN"
    "http://www.w3.org/TR/xhtml1/DTD/xhtml1-transitional.dtd">
<html xmlns="http://www.w3.org/1999/xhtml" xml:lang="en" lang="en">
 <head>
  <title>
</title>
<meta http-equiv="Content-Type" content="text/html;charset=utf-8" />
  <meta name='ocr-system' content='tesseract 3.04.00' />
  <meta name='ocr-capabilities' content='ocr_page ocr_carea ocr_par ocr_line ocrx_word'/>
</head>
<body>
  <div class='ocr_page' id='page_1' title='image "./lannaeisenecaeph02seneuoft_0253.png"; bbox 0 0 1742 2967; ppageno 0'>
   <div class='ocr_carea' id='block_1_1' title="bbox 380 176 1466 271">
    <p class='ocr_par' dir='ltr' id='par_1_1' title="bbox 380 176 1466 271">
     <span class='ocr_line' id='line_1_1' title="bbox 380 176 1466 271; baseline 0.001 -19"><span class='ocrx_word' id='word_1_1' title='bbox 380 205 477 252; x_wconf 86' lang='lat' dir='ltr'><strong>DE</strong></span> <span class='ocrx_word' id='word_1_2' title='bbox 506 176 955 253; x_wconf 52' lang='lat' dir='ltr'><strong>‘BENEFICIIS</strong></span> <span class='ocrx_word' id='word_1_3' title='bbox 1006 207 1136 254; x_wconf 67' lang='grc' dir='ltr'><strong>ΜΒ.</strong></span> <span class='ocrx_word' id='word_1_4' title='bbox 1183 209 1260 254; x_wconf 77' lang='lat' dir='ltr'><strong>tv,</strong></span> <span class='ocrx_word' id='word_1_5' title='bbox 1372 219 1466 271; x_wconf 86' lang='lat'><strong>229</strong></span> 
     </span>
    </p>
   </div>
   <div class='ocr_carea' id='block_1_2' title="bbox 179 310 1471 2413">
    <p class='ocr_par' dir='ltr' id='par_1_2' title="bbox 179 310 1471 2413">
     <span class='ocr_line' id='line_1_2' title="bbox 183 310 1466 377; baseline -0.001 -16"><span class='ocrx_word' id='word_1_6' title='bbox 183 310 414 377; x_wconf 84' lang='lat' dir='ltr'><strong>tumnique</strong></span> <span class='ocrx_word' id='word_1_7' title='bbox 441 326 811 375; x_wconf 88' lang='lat' dir='ltr'><strong>temperamenta,</strong></span> <span class='ocrx_word' id='word_1_8' title='bbox 841 312 1032 375; x_wconf 86' lang='lat' dir='ltr'><strong>imbres,</strong></span> <span class='ocrx_word' id='word_1_9' title='bbox 1059 325 1102 360; x_wconf 91' lang='lat' dir='ltr'><strong>et</strong></span> <span class='ocrx_word' id='word_1_10' title='bbox 1133 312 1327 360; x_wconf 85' lang='lat' dir='ltr'><strong>fontium</strong></span> <span class='ocrx_word' id='word_1_11' title='bbox 1356 313 1466 360; x_wconf 84' lang='lat' dir='ltr'><strong>hau-</strong></span> 
     </span>
     <span class='ocr_line' id='line_1_3' title="bbox 182 383 1467 448; baseline 0.002 -16"><span class='ocrx_word' id='word_1_12' title='bbox 182 384 298 443; x_wconf 87' lang='lat' dir='ltr'><strong>stus,</strong></span> <span class='ocrx_word' id='word_1_13' title='bbox 334 395 570 433; x_wconf 86' lang='lat' dir='ltr'><strong>ventorum</strong></span> <span class='ocrx_word' id='word_1_14' title='bbox 601 383 732 432; x_wconf 88' lang='lat' dir='ltr'><strong>statos</strong></span> <span class='ocrx_word' id='word_1_15' title='bbox 768 385 895 433; x_wconf 87' lang='lat' dir='ltr'><strong>flatus</strong></span> <span class='ocrx_word' id='word_1_16' title='bbox 925 401 1008 448; x_wconf 88' lang='lat' dir='ltr'><strong>pro</strong></span> <span class='ocrx_word' id='word_1_17' title='bbox 1039 385 1249 442; x_wconf 77' lang='lat' dir='ltr'><strong>univerfis</strong></span> <span class='ocrx_word' id='word_1_18' title='bbox 1278 385 1467 434; x_wconf 88' lang='lat' dir='ltr'><strong>invene-</strong></span> 
     </span>
     <span class='ocr_line' id='line_1_4' title="bbox 183 457 1467 521; baseline 0 -17"><span class='ocrx_word' id='word_1_19' title='bbox 183 470 286 505; x_wconf 88' lang='lat' dir='ltr'><strong>runt</strong></span> <span class='ocrx_word' id='word_1_20' title='bbox 305 475 316 505; x_wconf 78' lang='lat' dir='ltr'><strong><em>z</em></strong></span> <span class='ocrx_word' id='word_1_21' title='bbox 336 472 571 519; x_wconf 84' lang='lat' dir='ltr'><strong>excerpere</strong></span> <span class='ocrx_word' id='word_1_22' title='bbox 589 457 778 521; x_wconf 85' lang='lat' dir='ltr'><strong>fingulos</strong></span> <span class='ocrx_word' id='word_1_23' title='bbox 799 475 891 504; x_wconf 91' lang='lat' dir='ltr'><strong>non</strong></span> <span class='ocrx_word' id='word_1_24' title='bbox 918 469 1174 521; x_wconf 85' lang='lat' dir='ltr'><strong>potuerunt.</strong></span> <span class='ocrx_word' id='word_1_25' title='bbox 1201 459 1298 504; x_wconf 81' lang='lat' dir='ltr'><strong>Rex</strong></span> <span class='ocrx_word' id='word_1_26' title='bbox 1318 458 1467 505; x_wconf 88' lang='lat' dir='ltr'><strong>hono-</strong></span> 
     </span>
     <span class='ocr_line' id='line_1_5' title="bbox 182 529 1467 594; baseline 0 -18"><span class='ocrx_word' id='word_1_27' title='bbox 182 547 251 578; x_wconf 85' lang='lat' dir='ltr'><strong>res</strong></span> <span class='ocrx_word' id='word_1_28' title='bbox 277 530 418 593; x_wconf 84' lang='lat' dir='ltr'>dignis</span> <span class='ocrx_word' id='word_1_29' title='bbox 445 530 544 585; x_wconf 87' lang='lat' dir='ltr'><strong>dat,</strong></span> <span class='ocrx_word' id='word_1_30' title='bbox 581 530 854 594; x_wconf 81' lang='lat' dir='ltr'>congiarium</span> <span class='ocrx_word' id='word_1_31' title='bbox 883 542 927 576; x_wconf 90' lang='lat' dir='ltr'><strong>et</strong></span> <span class='ocrx_word' id='word_1_32' title='bbox 952 529 1153 593; x_wconf 79' lang='lat' dir='ltr'><strong>indignis.</strong></span> <span class='ocrx_word' id='word_1_33' title='bbox 1183 533 1467 576; x_wconf 82' lang='lat' dir='ltr'><strong>Frumentum</strong></span> 
     </span>
     <span class='ocr_line' id='line_1_6' title="bbox 183 604 1468 669; baseline -0.002 -15"><span class='ocrx_word' id='word_1_34' title='bbox 183 606 407 669; x_wconf 88' lang='lat' dir='ltr'><strong>publicum</strong></span> <span class='ocrx_word' id='word_1_35' title='bbox 445 616 533 652; x_wconf 88' lang='lat' dir='ltr'><strong>tam</strong></span> <span class='ocrx_word' id='word_1_36' title='bbox 565 604 636 652; x_wconf 87' lang='lat' dir='ltr'><strong>fur</strong></span> <span class='ocrx_word' id='word_1_37' title='bbox 670 613 802 668; x_wconf 86' lang='lat' dir='ltr'><strong>quam</strong></span> <span class='ocrx_word' id='word_1_38' title='bbox 842 604 1041 669; x_wconf 88' lang='lat' dir='ltr'><strong>periurus</strong></span> <span class='ocrx_word' id='word_1_39' title='bbox 1072 617 1116 653; x_wconf 89' lang='lat' dir='ltr'><strong>et</strong></span> <span class='ocrx_word' id='word_1_40' title='bbox 1150 606 1320 653; x_wconf 76' lang='lat' dir='ltr'><strong>adulter</strong></span> <span class='ocrx_word' id='word_1_41' title='bbox 1350 606 1468 652; x_wconf 84' lang='lat' dir='ltr'><strong>acci-</strong></span> 
     </span>
     <span class='ocr_line' id='line_1_7' title="bbox 183 676 1471 742; baseline 0.002 -18"><span class='ocrx_word' id='word_1_42' title='bbox 183 678 335 741; x_wconf 88' lang='lat' dir='ltr'><strong>piunt,</strong></span> <span class='ocrx_word' id='word_1_43' title='bbox 362 689 433 733; x_wconf 89' lang='lat' dir='ltr'><strong>et,</strong></span> <span class='ocrx_word' id='word_1_44' title='bbox 466 677 552 725; x_wconf 79' lang='lat' dir='ltr'><strong>fine</strong></span> <span class='ocrx_word' id='word_1_45' title='bbox 574 678 744 724; x_wconf 64' lang='lat' dir='ltr'><strong>delestu</strong></span> <span class='ocrx_word' id='word_1_46' title='bbox 764 693 941 725; x_wconf 89' lang='lat' dir='ltr'><strong>morum</strong></span> <span class='ocrx_word' id='word_1_47' title='bbox 957 713 971 735; x_wconf 90' lang='lat'>‚</span> <span class='ocrx_word' id='word_1_48' title='bbox 995 677 1190 742; x_wconf 89' lang='lat' dir='ltr'><strong>quisquis</strong></span> <span class='ocrx_word' id='word_1_49' title='bbox 1214 677 1374 725; x_wconf 88' lang='lat' dir='ltr'><strong>incisus</strong></span> <span class='ocrx_word' id='word_1_50' title='bbox 1394 676 1471 726; x_wconf 88' lang='lat' dir='ltr'><strong>est.</strong></span> 
     </span>
     <span class='ocr_line' id='line_1_8' title="bbox 183 749 1469 813; baseline 0.002 -18"><span class='ocrx_word' id='word_1_51' title='bbox 183 749 402 813; x_wconf 86' lang='lat' dir='ltr'><strong>quidquid</strong></span> <span class='ocrx_word' id='word_1_52' title='bbox 421 749 535 796; x_wconf 86' lang='lat' dir='ltr'><strong>aliud</strong></span> <span class='ocrx_word' id='word_1_53' title='bbox 553 749 614 796; x_wconf 86' lang='lat' dir='ltr'><strong>est</strong></span> <span class='ocrx_word' id='word_1_54' title='bbox 627 784 640 805; x_wconf 93' lang='lat'>‚</span> <span class='ocrx_word' id='word_1_55' title='bbox 659 751 779 812; x_wconf 83' lang='lat' dir='ltr'><strong>quod</strong></span> <span class='ocrx_word' id='word_1_56' title='bbox 797 761 1002 813; x_wconf 80' lang='lat' dir='ltr'>tanquam</span> <span class='ocrx_word' id='word_1_57' title='bbox 1020 749 1138 807; x_wconf 84' lang='lat' dir='ltr'><strong>civi,</strong></span> <span class='ocrx_word' id='word_1_58' title='bbox 1157 766 1248 797; x_wconf 89' lang='lat' dir='ltr'><strong>non</strong></span> <span class='ocrx_word' id='word_1_59' title='bbox 1260 762 1469 812; x_wconf 81' lang='lat' dir='ltr'>tanquam</span> 
     </span>
     <span class='ocr_line' id='line_1_9' title="bbox 184 821 1470 890; baseline 0.002 -22"><span class='ocrx_word' id='word_1_60' title='bbox 184 822 308 869; x_wconf 78' lang='lat' dir='ltr'><strong>bono</strong></span> <span class='ocrx_word' id='word_1_61' title='bbox 339 823 493 890; x_wconf 63' lang='lat' dir='ltr'><strong>datur,</strong></span> <span class='ocrx_word' id='word_1_62' title='bbox 525 839 578 869; x_wconf 89' lang='lat' dir='ltr'><strong>ex</strong></span> <span class='ocrx_word' id='word_1_63' title='bbox 613 839 758 886; x_wconf 83' lang='lat' dir='ltr'><strong>aequo</strong></span> <span class='ocrx_word' id='word_1_64' title='bbox 794 823 902 869; x_wconf 90' lang='lat' dir='ltr'><strong>boni</strong></span> <span class='ocrx_word' id='word_1_65' title='bbox 936 839 987 869; x_wconf 87' lang='lat' dir='ltr'><strong>ac</strong></span> <span class='ocrx_word' id='word_1_66' title='bbox 1021 821 1124 868; x_wconf 84' lang='lat' dir='ltr'><strong>mali</strong></span> <span class='ocrx_word' id='word_1_67' title='bbox 1156 821 1314 868; x_wconf 83' lang='lat' dir='ltr'><strong>ferunt.</strong></span> <span class='ocrx_word' id='word_1_68' title='bbox 1342 823 1470 870; x_wconf 87' lang='lat' dir='ltr'><strong>Deus</strong></span> 
     </span>
     <span class='ocr_line' id='line_1_10' title="bbox 180 891 1468 959; baseline 0 -17"><span class='ocrx_word' id='word_1_69' title='bbox 180 891 372 959; x_wconf 59' lang='lat' dir='ltr'><strong>quoque*</strong></span> <span class='ocrx_word' id='word_1_70' title='bbox 391 896 604 959; x_wconf 78' lang='lat' dir='ltr'><strong>quaedam</strong></span> <span class='ocrx_word' id='word_1_71' title='bbox 624 912 805 942; x_wconf 87' lang='lat' dir='ltr'><strong>munera</strong></span> <span class='ocrx_word' id='word_1_72' title='bbox 833 896 879 941; x_wconf 85' lang='lat' dir='ltr'><strong>in</strong></span> <span class='ocrx_word' id='word_1_73' title='bbox 899 893 1147 943; x_wconf 84' lang='lat' dir='ltr'><strong>universum</strong></span> <span class='ocrx_word' id='word_1_74' title='bbox 1178 893 1371 940; x_wconf 85' lang='lat' dir='ltr'><strong>humano</strong></span> <span class='ocrx_word' id='word_1_75' title='bbox 1390 910 1468 956; x_wconf 72' lang='lat' dir='ltr'><strong>ge-</strong></span> 
     </span>
     <span class='ocr_line' id='line_1_11' title="bbox 182 965 1469 1030; baseline -0.001 -17"><span class='ocrx_word' id='word_1_76' title='bbox 182 967 276 1015; x_wconf 86' lang='lat' dir='ltr'><strong>neri</strong></span> <span class='ocrx_word' id='word_1_77' title='bbox 295 967 416 1014; x_wconf 85' lang='lat' dir='ltr'><strong>dedit</strong></span> <span class='ocrx_word' id='word_1_78' title='bbox 435 1002 449 1025; x_wconf 83' lang='lat'><strong>‚</strong></span> <span class='ocrx_word' id='word_1_79' title='bbox 485 983 509 1013; x_wconf 90' lang='lat' dir='ltr'><strong>a</strong></span> <span class='ocrx_word' id='word_1_80' title='bbox 529 966 685 1030; x_wconf 84' lang='lat' dir='ltr'><strong>quibus</strong></span> <span class='ocrx_word' id='word_1_81' title='bbox 703 967 950 1014; x_wconf 80' lang='lat' dir='ltr'><strong>excluditur</strong></span> <span class='ocrx_word' id='word_1_82' title='bbox 968 982 1117 1013; x_wconf 88' lang='lat' dir='ltr'><strong>nemo.</strong></span> <span class='ocrx_word' id='word_1_83' title='bbox 1142 981 1223 1012; x_wconf 87' lang='lat' dir='ltr'><strong>nec</strong></span> <span class='ocrx_word' id='word_1_84' title='bbox 1249 965 1367 1012; x_wconf 89' lang='lat' dir='ltr'><strong>enim</strong></span> <span class='ocrx_word' id='word_1_85' title='bbox 1387 982 1469 1029; x_wconf 87' lang='lat' dir='ltr'><strong>po-</strong></span> 
     </span>
     <span class='ocr_line' id='line_1_12' title="bbox 180 1037 1468 1098; baseline -0.002 -11"><span class='ocrx_word' id='word_1_86' title='bbox 180 1052 291 1087; x_wconf 81' lang='lat' dir='ltr'><strong>terat</strong></span> <span class='ocrx_word' id='word_1_87' title='bbox 310 1040 424 1098; x_wconf 87' lang='lat' dir='ltr'><strong>fieri,</strong></span> <span class='ocrx_word' id='word_1_88' title='bbox 455 1052 502 1087; x_wconf 88' lang='lat' dir='ltr'><strong>ut</strong></span> <span class='ocrx_word' id='word_1_89' title='bbox 520 1055 677 1088; x_wconf 89' lang='lat' dir='ltr'><strong>ventus</strong></span> <span class='ocrx_word' id='word_1_90' title='bbox 701 1040 830 1087; x_wconf 89' lang='lat' dir='ltr'><strong>bonis</strong></span> <span class='ocrx_word' id='word_1_91' title='bbox 853 1040 960 1087; x_wconf 88' lang='lat' dir='ltr'><strong>viris</strong></span> <span class='ocrx_word' id='word_1_92' title='bbox 978 1039 1190 1088; x_wconf 89' lang='lat' dir='ltr'><strong>secundus</strong></span> <span class='ocrx_word' id='word_1_93' title='bbox 1208 1037 1337 1094; x_wconf 76' lang='lat' dir='ltr'><strong>esset,</strong></span> <span class='ocrx_word' id='word_1_94' title='bbox 1357 1055 1468 1086; x_wconf 90' lang='lat' dir='ltr'><strong>con-</strong></span> 
     </span>
     <span class='ocr_line' id='line_1_13' title="bbox 180 1111 1468 1173; baseline 0 -15"><span class='ocrx_word' id='word_1_95' title='bbox 180 1113 337 1159; x_wconf 85' lang='lat' dir='ltr'><strong>trarius</strong></span> <span class='ocrx_word' id='word_1_96' title='bbox 369 1114 524 1158; x_wconf 86' lang='lat' dir='ltr'><strong>malis:</strong></span> <span class='ocrx_word' id='word_1_97' title='bbox 548 1128 785 1158; x_wconf 90' lang='lat' dir='ltr'><strong>commune</strong></span> <span class='ocrx_word' id='word_1_98' title='bbox 805 1125 951 1158; x_wconf 89' lang='lat' dir='ltr'><strong>autem</strong></span> <span class='ocrx_word' id='word_1_99' title='bbox 983 1111 1152 1157; x_wconf 89' lang='lat' dir='ltr'><strong>bonum</strong></span> <span class='ocrx_word' id='word_1_100' title='bbox 1174 1123 1265 1158; x_wconf 89' lang='lat' dir='ltr'><strong>erat</strong></span> <span class='ocrx_word' id='word_1_101' title='bbox 1280 1141 1295 1167; x_wconf 89' lang='lat'><strong>,</strong></span> <span class='ocrx_word' id='word_1_102' title='bbox 1321 1122 1468 1173; x_wconf 83' lang='lat' dir='ltr'><strong>patere</strong></span> 
     </span>
     <span class='ocr_line' id='line_1_14' title="bbox 181 1182 1466 1247; baseline -0.003 -15"><span class='ocrx_word' id='word_1_103' title='bbox 181 1184 503 1232; x_wconf 87' lang='lat' dir='ltr'><strong>commercium</strong></span> <span class='ocrx_word' id='word_1_104' title='bbox 523 1185 680 1241; x_wconf 89' lang='lat' dir='ltr'><strong>maris,</strong></span> <span class='ocrx_word' id='word_1_105' title='bbox 710 1195 753 1229; x_wconf 90' lang='lat' dir='ltr'><strong>et</strong></span> <span class='ocrx_word' id='word_1_106' title='bbox 779 1200 964 1247; x_wconf 83' lang='lat' dir='ltr'><strong>regnum</strong></span> <span class='ocrx_word' id='word_1_107' title='bbox 990 1182 1169 1229; x_wconf 89' lang='lat' dir='ltr'><strong>humani</strong></span> <span class='ocrx_word' id='word_1_108' title='bbox 1199 1183 1369 1246; x_wconf 85' lang='lat' dir='ltr'><strong>generis</strong></span> <span class='ocrx_word' id='word_1_109' title='bbox 1395 1199 1466 1229; x_wconf 90' lang='lat' dir='ltr'><strong>re-</strong></span> 
     </span>
     <span class='ocr_line' id='line_1_15' title="bbox 182 1253 1466 1318; baseline -0.002 -15"><span class='ocrx_word' id='word_1_110' title='bbox 182 1256 330 1303; x_wconf 85' lang='lat' dir='ltr'><strong>laxari.</strong></span> <span class='ocrx_word' id='word_1_111' title='bbox 364 1259 461 1303; x_wconf 87' lang='lat' dir='ltr'><strong>Nec</strong></span> <span class='ocrx_word' id='word_1_112' title='bbox 489 1268 663 1318; x_wconf 89' lang='lat' dir='ltr'><strong>poterat</strong></span> <span class='ocrx_word' id='word_1_113' title='bbox 688 1256 755 1302; x_wconf 88' lang='lat' dir='ltr'><strong>lex</strong></span> <span class='ocrx_word' id='word_1_114' title='bbox 779 1254 939 1303; x_wconf 87' lang='lat' dir='ltr'><strong>casuris</strong></span> <span class='ocrx_word' id='word_1_115' title='bbox 957 1253 1172 1301; x_wconf 80' lang='lat' dir='ltr'><strong>imbribus</strong></span> <span class='ocrx_word' id='word_1_116' title='bbox 1197 1253 1284 1302; x_wconf 91' lang='lat' dir='ltr'><strong>dici</strong></span> <span class='ocrx_word' id='word_1_117' title='bbox 1300 1289 1314 1312; x_wconf 89' lang='lat'><em>‚</em></span> <span class='ocrx_word' id='word_1_118' title='bbox 1338 1270 1393 1300; x_wconf 90' lang='lat' dir='ltr'><strong>ne</strong></span> <span class='ocrx_word' id='word_1_119' title='bbox 1419 1253 1466 1300; x_wconf 87' lang='lat' dir='ltr'><strong>in</strong></span> 
     </span>
     <span class='ocr_line' id='line_1_16' title="bbox 179 1326 1466 1391; baseline -0.002 -14"><span class='ocrx_word' id='word_1_120' title='bbox 179 1330 399 1377; x_wconf 84' lang='lat' dir='ltr'><strong>malorum</strong></span> <span class='ocrx_word' id='word_1_121' title='bbox 419 1329 821 1391; x_wconf 88' lang='lat' dir='ltr'><strong>improborumque</strong></span> <span class='ocrx_word' id='word_1_122' title='bbox 839 1345 938 1375; x_wconf 87' lang='lat' dir='ltr'><strong>rura</strong></span> <span class='ocrx_word' id='word_1_123' title='bbox 957 1326 1216 1374; x_wconf 84' lang='lat' dir='ltr'><strong>defluerent.</strong></span> <span class='ocrx_word' id='word_1_124' title='bbox 1236 1326 1466 1387; x_wconf 82' lang='lat' dir='ltr'><strong>Quaedam</strong></span> 
     </span>
     <span class='ocr_line' id='line_1_17' title="bbox 181 1392 1466 1465; baseline -0.004 -15"><span class='ocrx_word' id='word_1_125' title='bbox 181 1404 226 1450; x_wconf 88' lang='lat' dir='ltr'><strong>in</strong></span> <span class='ocrx_word' id='word_1_126' title='bbox 245 1403 395 1450; x_wconf 89' lang='lat' dir='ltr'><strong>medio</strong></span> <span class='ocrx_word' id='word_1_127' title='bbox 415 1416 653 1465; x_wconf 86' lang='lat' dir='ltr'><strong>ponuntur.</strong></span> <span class='ocrx_word' id='word_1_128' title='bbox 678 1404 790 1448; x_wconf 86' lang='lat' dir='ltr'><strong>Tam</strong></span> <span class='ocrx_word' id='word_1_129' title='bbox 810 1401 943 1448; x_wconf 85' lang='lat' dir='ltr'><strong>bonis</strong></span> <span class='ocrx_word' id='word_1_130' title='bbox 967 1417 1098 1464; x_wconf 86' lang='lat' dir='ltr'><strong>quam</strong></span> <span class='ocrx_word' id='word_1_131' title='bbox 1116 1400 1237 1447; x_wconf 89' lang='lat' dir='ltr'><strong>malis</strong></span> <span class='ocrx_word' id='word_1_132' title='bbox 1265 1392 1466 1448; x_wconf 86' lang='lat' dir='ltr'><strong>condun-</strong></span> 
     </span>
     <span class='ocr_line' id='line_1_18' title="bbox 182 1472 1467 1536; baseline -0.005 -11"><span class='ocrx_word' id='word_1_133' title='bbox 182 1490 257 1525; x_wconf 85' lang='lat' dir='ltr'><strong>tur</strong></span> <span class='ocrx_word' id='word_1_134' title='bbox 282 1476 411 1523; x_wconf 85' lang='lat' dir='ltr'><strong>urbes</strong></span> <span class='ocrx_word' id='word_1_135' title='bbox 432 1492 444 1521; x_wconf 74' lang='grc' dir='ltr'><strong>ε</strong></span> <span class='ocrx_word' id='word_1_136' title='bbox 475 1486 762 1521; x_wconf 87' lang='lat' dir='ltr'><strong>monumenta</strong></span> <span class='ocrx_word' id='word_1_137' title='bbox 785 1473 1092 1535; x_wconf 84' lang='lat' dir='ltr'><strong>ingeniorum,</strong></span> <span class='ocrx_word' id='word_1_138' title='bbox 1119 1484 1162 1519; x_wconf 92' lang='lat' dir='ltr'><strong>et</strong></span> <span class='ocrx_word' id='word_1_139' title='bbox 1179 1472 1235 1519; x_wconf 89' lang='lat' dir='ltr'><strong>ad</strong></span> <span class='ocrx_word' id='word_1_140' title='bbox 1261 1472 1467 1536; x_wconf 83' lang='lat' dir='ltr'><strong>indignos</strong></span> 
     </span>
     <span class='ocr_line' id='line_1_19' title="bbox 181 1541 1465 1611; baseline -0.003 -17"><span class='ocrx_word' id='word_1_141' title='bbox 181 1541 446 1611; x_wconf 77' lang='lat' dir='ltr'><strong>pervent&#39;ura</strong></span> <span class='ocrx_word' id='word_1_142' title='bbox 476 1545 715 1609; x_wconf 85' lang='lat' dir='ltr'><strong>publicavit</strong></span> <span class='ocrx_word' id='word_1_143' title='bbox 742 1545 908 1591; x_wconf 84' lang='lat' dir='ltr'><strong>editio:</strong></span> <span class='ocrx_word' id='word_1_144' title='bbox 950 1542 1167 1591; x_wconf 88' lang='lat' dir='ltr'><strong>medicina</strong></span> <span class='ocrx_word' id='word_1_145' title='bbox 1205 1542 1336 1589; x_wconf 88' lang='lat' dir='ltr'><strong>etiam</strong></span> <span class='ocrx_word' id='word_1_146' title='bbox 1374 1542 1465 1591; x_wconf 84' lang='lat' dir='ltr'><strong>sce-</strong></span> 
     </span>
     <span class='ocr_line' id='line_1_20' title="bbox 182 1616 1466 1683; baseline -0.004 -15"><span class='ocrx_word' id='word_1_147' title='bbox 182 1621 324 1669; x_wconf 81' lang='lat' dir='ltr'><strong>leratis</strong></span> <span class='ocrx_word' id='word_1_148' title='bbox 353 1636 486 1683; x_wconf 88' lang='lat' dir='ltr'><strong>opem</strong></span> <span class='ocrx_word' id='word_1_149' title='bbox 522 1619 747 1666; x_wconf 85' lang='lat' dir='ltr'><strong>monstrat.</strong></span> <span class='ocrx_word' id='word_1_150' title='bbox 780 1616 1137 1681; x_wconf 84' lang='lat' dir='ltr'><strong>Compofitiones</strong></span> <span class='ocrx_word' id='word_1_151' title='bbox 1166 1616 1466 1664; x_wconf 85' lang='lat' dir='ltr'><strong>remediorum</strong></span> 
     </span>
     <span class='ocr_line' id='line_1_21' title="bbox 180 1689 1464 1756; baseline -0.003 -15"><span class='ocrx_word' id='word_1_152' title='bbox 180 1694 431 1742; x_wconf 87' lang='lat' dir='ltr'><strong>salutarium</strong></span> <span class='ocrx_word' id='word_1_153' title='bbox 467 1709 599 1740; x_wconf 82' lang='lat' dir='ltr'><strong>nemo</strong></span> <span class='ocrx_word' id='word_1_154' title='bbox 622 1692 879 1756; x_wconf 65' lang='lat' dir='ltr'><strong>suppressit,</strong></span> <span class='ocrx_word' id='word_1_155' title='bbox 914 1708 969 1739; x_wconf 90' lang='lat' dir='ltr'><strong>ne</strong></span> <span class='ocrx_word' id='word_1_156' title='bbox 1001 1690 1252 1737; x_wconf 87' lang='lat' dir='ltr'><strong>sanarentur</strong></span> <span class='ocrx_word' id='word_1_157' title='bbox 1280 1689 1464 1753; x_wconf 68' lang='lat' dir='ltr'><strong>indigni,</strong></span> 
     </span>
     <span class='ocr_line' id='line_1_22' title="bbox 180 1761 1464 1828; baseline -0.002 -16"><span class='ocrx_word' id='word_1_158' title='bbox 180 1769 229 1812; x_wconf 90' lang='lat' dir='ltr'><strong>In</strong></span> <span class='ocrx_word' id='word_1_159' title='bbox 245 1766 314 1812; x_wconf 86' lang='lat' dir='ltr'><strong>his</strong></span> <span class='ocrx_word' id='word_1_160' title='bbox 332 1765 455 1828; x_wconf 83' lang='lat' dir='ltr'><strong>exige</strong></span> <span class='ocrx_word' id='word_1_161' title='bbox 470 1765 692 1812; x_wconf 79' lang='lat' dir='ltr'><strong>censuram</strong></span> <span class='ocrx_word' id='word_1_162' title='bbox 707 1800 721 1821; x_wconf 86' lang='lat'>‚</span> <span class='ocrx_word' id='word_1_163' title='bbox 741 1777 784 1810; x_wconf 88' lang='lat' dir='ltr'><strong>et</strong></span> <span class='ocrx_word' id='word_1_164' title='bbox 804 1762 1088 1826; x_wconf 87' lang='lat' dir='ltr'><strong>personarum</strong></span> <span class='ocrx_word' id='word_1_165' title='bbox 1104 1761 1464 1818; x_wconf 87' lang='lat' dir='ltr'><strong>aestimationem,</strong></span> 
     </span>
     <span class='ocr_line' id='line_1_23' title="bbox 181 1834 1467 1905; baseline -0.005 -17"><span class='ocrx_word' id='word_1_166' title='bbox 181 1857 295 1905; x_wconf 88' lang='lat' dir='ltr'><strong>quae</strong></span> <span class='ocrx_word' id='word_1_167' title='bbox 321 1839 551 1902; x_wconf 88' lang='lat' dir='ltr'><strong>separatim</strong></span> <span class='ocrx_word' id='word_1_168' title='bbox 572 1851 779 1901; x_wconf 81' lang='lat' dir='ltr'><strong>tanquam</strong></span> <span class='ocrx_word' id='word_1_169' title='bbox 800 1837 937 1900; x_wconf 88' lang='lat' dir='ltr'><strong>digno</strong></span> <span class='ocrx_word' id='word_1_170' title='bbox 967 1836 1152 1881; x_wconf 85' lang='lat' dir='ltr'><strong>dantur:</strong></span> <span class='ocrx_word' id='word_1_171' title='bbox 1176 1850 1267 1880; x_wconf 88' lang='lat' dir='ltr'><strong>non</strong></span> <span class='ocrx_word' id='word_1_172' title='bbox 1292 1834 1337 1880; x_wconf 82' lang='lat' dir='ltr'><strong>in</strong></span> <span class='ocrx_word' id='word_1_173' title='bbox 1365 1834 1431 1881; x_wconf 86' lang='lat' dir='ltr'><strong>his</strong></span> <span class='ocrx_word' id='word_1_174' title='bbox 1449 1869 1467 1892; x_wconf 62' lang='lat'><em>9</em></span> 
     </span>
     <span class='ocr_line' id='line_1_24' title="bbox 180 1906 1464 1976; baseline -0.004 -16"><span class='ocrx_word' id='word_1_175' title='bbox 180 1928 294 1976; x_wconf 87' lang='lat' dir='ltr'><strong>quae</strong></span> <span class='ocrx_word' id='word_1_176' title='bbox 316 1911 567 1975; x_wconf 86' lang='lat' dir='ltr'><strong>promiscue</strong></span> <span class='ocrx_word' id='word_1_177' title='bbox 587 1910 758 1958; x_wconf 85' lang='lat' dir='ltr'><strong>turbam</strong></span> <span class='ocrx_word' id='word_1_178' title='bbox 780 1909 1029 1956; x_wconf 77' lang='lat' dir='ltr'><strong>admittunt..</strong></span> <span class='ocrx_word' id='word_1_179' title='bbox 1047 1906 1240 1954; x_wconf 88' lang='lat' dir='ltr'><strong>Multum</strong></span> <span class='ocrx_word' id='word_1_180' title='bbox 1259 1907 1376 1954; x_wconf 88' lang='lat' dir='ltr'><strong>enim</strong></span> <span class='ocrx_word' id='word_1_181' title='bbox 1394 1925 1464 1956; x_wconf 83' lang='lat' dir='ltr'><strong>re-</strong></span> 
     </span>
     <span class='ocr_line' id='line_1_25' title="bbox 181 1978 1464 2047; baseline -0.003 -15"><span class='ocrx_word' id='word_1_182' title='bbox 181 1984 289 2044; x_wconf 86' lang='lat' dir='ltr'><strong>fert,</strong></span> <span class='ocrx_word' id='word_1_183' title='bbox 310 1997 458 2031; x_wconf 87' lang='lat' dir='ltr'><strong>utrum</strong></span> <span class='ocrx_word' id='word_1_184' title='bbox 479 1980 669 2047; x_wconf 79' lang='lat' dir='ltr'><strong>aliquem</strong></span> <span class='ocrx_word' id='word_1_185' title='bbox 693 1999 784 2028; x_wconf 91' lang='lat' dir='ltr'><strong>non</strong></span> <span class='ocrx_word' id='word_1_186' title='bbox 806 1980 1035 2035; x_wconf 83' lang='lat' dir='ltr'><strong>excludas,</strong></span> <span class='ocrx_word' id='word_1_187' title='bbox 1065 1995 1120 2026; x_wconf 87' lang='lat' dir='ltr'><strong>an</strong></span> <span class='ocrx_word' id='word_1_188' title='bbox 1142 1978 1288 2043; x_wconf 84' lang='lat' dir='ltr'><strong>eligas.</strong></span> <span class='ocrx_word' id='word_1_189' title='bbox 1322 1983 1390 2027; x_wconf 89' lang='lat' dir='ltr'><strong>Ius</strong></span> <span class='ocrx_word' id='word_1_190' title='bbox 1419 1992 1464 2028; x_wconf 81' lang='lat' dir='ltr'><strong>et</strong></span> 
     </span>
     <span class='ocr_line' id='line_1_26' title="bbox 181 2051 1465 2120; baseline -0.003 -16"><span class='ocrx_word' id='word_1_191' title='bbox 181 2057 271 2104; x_wconf 89' lang='lat' dir='ltr'><strong>furi</strong></span> <span class='ocrx_word' id='word_1_192' title='bbox 293 2057 452 2104; x_wconf 87' lang='lat' dir='ltr'><strong>dicitur</strong></span> <span class='ocrx_word' id='word_1_193' title='bbox 472 2074 484 2102; x_wconf 73' lang='lat' dir='ltr'><strong><em>z</em></strong></span> <span class='ocrx_word' id='word_1_194' title='bbox 503 2072 611 2120; x_wconf 86' lang='lat' dir='ltr'><strong>pace</strong></span> <span class='ocrx_word' id='word_1_195' title='bbox 630 2057 762 2103; x_wconf 87' lang='lat' dir='ltr'><strong>etiarn</strong></span> <span class='ocrx_word' id='word_1_196' title='bbox 784 2051 1032 2100; x_wconf 87' lang='lat' dir='ltr'><strong>homicidae</strong></span> <span class='ocrx_word' id='word_1_197' title='bbox 1051 2052 1256 2099; x_wconf 90' lang='lat' dir='ltr'><strong>fruuntur</strong></span> <span class='ocrx_word' id='word_1_198' title='bbox 1275 2070 1286 2098; x_wconf 90' lang='lat'>:</span> <span class='ocrx_word' id='word_1_199' title='bbox 1305 2052 1329 2097; x_wconf 89' lang='lat' dir='ltr'>s</span> <span class='ocrx_word' id='word_1_200' title='bbox 1325 2070 1376 2099; x_wconf 89' lang='lat' dir='ltr'><strong>ua</strong></span> <span class='ocrx_word' id='word_1_201' title='bbox 1395 2071 1465 2100; x_wconf 87' lang='lat' dir='ltr'><strong>re·-</strong></span> 
     </span>
     <span class='ocr_line' id='line_1_27' title="bbox 182 2124 1465 2193; baseline -0.004 -16"><span class='ocrx_word' id='word_1_202' title='bbox 182 2142 362 2193; x_wconf 87' lang='lat' dir='ltr'><strong>petunt‚</strong></span> <span class='ocrx_word' id='word_1_203' title='bbox 394 2130 523 2176; x_wconf 88' lang='lat' dir='ltr'><strong>etiam</strong></span> <span class='ocrx_word' id='word_1_204' title='bbox 550 2129 627 2193; x_wconf 88' lang='lat' dir='ltr'><strong>qui</strong></span> <span class='ocrx_word' id='word_1_205' title='bbox 666 2128 804 2176; x_wconf 86' lang='lat' dir='ltr'><strong>aliena</strong></span> <span class='ocrx_word' id='word_1_206' title='bbox 831 2138 1082 2188; x_wconf 86' lang='lat' dir='ltr'><strong>rapuerunt.</strong></span> <span class='ocrx_word' id='word_1_207' title='bbox 1124 2124 1395 2172; x_wconf 76' lang='lat' dir='ltr'><strong>percussores</strong></span> <span class='ocrx_word' id='word_1_208' title='bbox 1421 2136 1465 2172; x_wconf 90' lang='lat' dir='ltr'><strong>et</strong></span> 
     </span>
     <span class='ocr_line' id='line_1_28' title="bbox 182 2197 1463 2249; baseline -0.004 0"><span class='ocrx_word' id='word_1_209' title='bbox 182 2203 307 2249; x_wconf 89' lang='lat' dir='ltr'><strong>domi</strong></span> <span class='ocrx_word' id='word_1_210' title='bbox 336 2201 501 2249; x_wconf 88' lang='lat' dir='ltr'><strong>ferrum</strong></span> <span class='ocrx_word' id='word_1_211' title='bbox 531 2212 782 2249; x_wconf 86' lang='lat' dir='ltr'><strong>exercentes</strong></span> <span class='ocrx_word' id='word_1_212' title='bbox 816 2215 968 2246; x_wconf 86' lang='lat' dir='ltr'><strong>murus</strong></span> <span class='ocrx_word' id='word_1_213' title='bbox 997 2199 1052 2245; x_wconf 89' lang='lat' dir='ltr'><strong>ab</strong></span> <span class='ocrx_word' id='word_1_214' title='bbox 1089 2197 1213 2245; x_wconf 87' lang='lat' dir='ltr'><strong>hoste</strong></span> <span class='ocrx_word' id='word_1_215' title='bbox 1237 2197 1463 2244; x_wconf 86' lang='lat' dir='ltr'><strong>defendit:</strong></span> 
     </span>
     <span class='ocr_line' id='line_1_29' title="bbox 181 2271 1464 2339; baseline -0.004 -17"><span class='ocrx_word' id='word_1_216' title='bbox 181 2276 326 2339; x_wconf 85' lang='lat' dir='ltr'><strong>legum</strong></span> <span class='ocrx_word' id='word_1_217' title='bbox 352 2274 592 2337; x_wconf 73' lang='lat' dir='ltr'><strong>praesidio,</strong></span> <span class='ocrx_word' id='word_1_218' title='bbox 618 2275 693 2337; x_wconf 89' lang='lat' dir='ltr'><strong>qui</strong></span> <span class='ocrx_word' id='word_1_219' title='bbox 718 2272 954 2336; x_wconf 84' lang='lat' dir='ltr'><strong>plurimum</strong></span> <span class='ocrx_word' id='word_1_220' title='bbox 973 2271 1019 2318; x_wconf 89' lang='lat' dir='ltr'><strong>in</strong></span> <span class='ocrx_word' id='word_1_221' title='bbox 1035 2271 1125 2318; x_wconf 87' lang='lat' dir='ltr'><strong>illas</strong></span> <span class='ocrx_word' id='word_1_222' title='bbox 1144 2281 1464 2334; x_wconf 89' lang='lat' dir='ltr'><strong>peccaverunt,</strong></span> 
     </span>
     <span class='ocr_line' id='line_1_30' title="bbox 187 2344 1468 2413; baseline -0.003 -18"><span class='ocrx_word' id='word_1_223' title='bbox 187 2361 491 2413; x_wconf 82' lang='lat' dir='ltr'><strong>proteguntur.</strong></span> <span class='ocrx_word' id='word_1_224' title='bbox 517 2348 748 2408; x_wconf 83' lang='lat' dir='ltr'><strong>Quaedam</strong></span> <span class='ocrx_word' id='word_1_225' title='bbox 767 2362 866 2409; x_wconf 36' lang='lat' dir='ltr'><strong>‚non</strong></span> <span class='ocrx_word' id='word_1_226' title='bbox 895 2358 1096 2409; x_wconf 87' lang='lat' dir='ltr'><strong>poterant</strong></span> <span class='ocrx_word' id='word_1_227' title='bbox 1118 2344 1272 2394; x_wconf 85' lang='lat' dir='ltr'><strong>ceteris</strong></span> <span class='ocrx_word' id='word_1_228' title='bbox 1291 2344 1468 2393; x_wconf 88' lang='lat' dir='ltr'><strong>contin·-</strong></span> 
     </span>
    </p>
   </div>
   <div class='ocr_carea' id='block_1_3' title="bbox 110 2418 1468 2486">
    <p class='ocr_par' dir='ltr' id='par_1_3' title="bbox 110 2418 1468 2486">
     <span class='ocr_line' id='line_1_31' title="bbox 110 2418 1468 2486; baseline -0.004 -16"><span class='ocrx_word' id='word_1_229' title='bbox 110 2477 111 2480; x_wconf 65' lang='lat'>,</span> <span class='ocrx_word' id='word_1_230' title='bbox 164 2439 284 2486; x_wconf 50' lang='lat' dir='ltr'><strong>,gere</strong></span> <span class='ocrx_word' id='word_1_231' title='bbox 302 2454 316 2478; x_wconf 93' lang='lat'>‚</span> <span class='ocrx_word' id='word_1_232' title='bbox 350 2422 428 2468; x_wconf 70' lang='lat' dir='ltr'><strong>nisi</strong></span> <span class='ocrx_word' id='word_1_233' title='bbox 468 2421 678 2470; x_wconf 74' lang='lat' dir='ltr'><strong>universis</strong></span> <span class='ocrx_word' id='word_1_234' title='bbox 705 2421 923 2467; x_wconf 85' lang='lat' dir='ltr'><strong>darentur.</strong></span> <span class='ocrx_word' id='word_1_235' title='bbox 952 2421 1058 2466; x_wconf 92' lang='lat' dir='ltr'><strong>Non</strong></span> <span class='ocrx_word' id='word_1_236' title='bbox 1087 2418 1148 2466; x_wconf 91' lang='lat' dir='ltr'><strong>est</strong></span> <span class='ocrx_word' id='word_1_237' title='bbox 1178 2419 1321 2482; x_wconf 87' lang='lat' dir='ltr'><strong>itaque</strong></span> <span class='ocrx_word' id='word_1_238' title='bbox 1345 2418 1468 2482; x_wconf 88' lang='lat' dir='ltr'><strong>quod</strong></span> 
     </span>
    </p>
   </div>
   <div class='ocr_carea' id='block_1_4' title="bbox 183 2491 1467 2620">
    <p class='ocr_par' dir='ltr' id='par_1_4' title="bbox 183 2491 1467 2620">
     <span class='ocr_line' id='line_1_32' title="bbox 183 2491 1467 2603; baseline -0.004 -60"><span class='ocrx_word' id='word_1_239' title='bbox 183 2497 239 2544; x_wconf 82' lang='lat' dir='ltr'><strong>de</strong></span> <span class='ocrx_word' id='word_1_240' title='bbox 271 2495 358 2544; x_wconf 77' lang='lat' dir='ltr'><strong>istis</strong></span> <span class='ocrx_word' id='word_1_241' title='bbox 392 2494 584 2558; x_wconf 86' lang='lat' dir='ltr'><strong>disputes</strong></span> <span class='ocrx_word' id='word_1_242' title='bbox 603 2529 618 2552; x_wconf 93' lang='lat'>,</span> <span class='ocrx_word' id='word_1_243' title='bbox 654 2494 705 2541; x_wconf 85' lang='lat' dir='ltr'><strong>ad</strong></span> <span class='ocrx_word' id='word_1_244' title='bbox 738 2509 848 2558; x_wconf 79' lang='lat' dir='ltr'><strong>quae</strong></span> <span class='ocrx_word' id='word_1_245' title='bbox 880 2492 1052 2556; x_wconf 84' lang='lat' dir='ltr'><strong>publice</strong></span> <span class='ocrx_word' id='word_1_246' title='bbox 1082 2491 1256 2603; x_wconf 53' lang='lat' dir='ltr'><strong>inxsstati</strong></span> <span class='ocrx_word' id='word_1_247' title='bbox 1287 2491 1467 2539; x_wconf 84' lang='lat' dir='ltr'><strong>sumus:</strong></span> 
     </span>
     <span class='ocr_line' id='line_1_33' title="bbox 1215 2573 1410 2620; baseline -0.005 -38"><span class='ocrx_word' id='word_1_248' title='bbox 1215 2573 1236 2620; x_wconf 77' lang='lat'><em>3</em></span> <span class='ocrx_word' id='word_1_249' title='bbox 1406 2578 1410 2581; x_wconf 82' lang='lat'>.</span> 
     </span>
    </p>
   </div>
  </div>
 </body>
</html>
