1742 2967
295 160 387 221 ¹196
553 127 944 207 L.ANNAE1
991 163 1344 210 SENECAE

289 281 422 328 quam
450 265 667 312 beneficio
698 267 790 313 eius
817 268 1034 324 vincitur,
1061 269 1183 316 cuius
1217 268 1476 316 beneficium
1507 269 1567 316 est

289 338 428 400 ipsum
446 371 461 394 ,
496 340 617 401 quod
634 338 856 386 .vincitur.
885 340 1076 386 Primum
1098 374 1112 398 ‚
1151 341 1363 403 quaedam
1391 341 1567 394 initium

288 412 342 457 ab
362 412 454 459 aliis
473 412 670 467 trahunt,
690 424 732 459 et
753 424 898 459 tamen
916 412 1048 459 initiis
1068 412 1150 459 suis
1167 413 1332 460 maiora
1348 413 1454 476 sunt.
1474 415 1568 461 Nec

287 485 390 532 ideo
424 484 589 548 aliquid
619 503 710 533 non
742 484 802 531 est
833 486 969 532 maius
995 502 1051 531 eo
1077 503 1101 532 a
1128 503 1218 550 quo
1249 487 1398 549 coepit
1420 521 1434 542 ‚
1467 487 1570 550 quia

286 575 377 612 non
411 558 617 622 potuisset
651 559 697 605 in
731 570 898 606 tantum
932 560 1204 622 procedere,
1244 560 1320 606 nisi
1347 561 1570 623 coepisset.

287 632 417 679 Nulla
445 648 535 677 non
557 649 621 679 res
646 631 859 695 principia
886 632 957 678 sua
981 649 1140 696 magno
1159 633 1294 696 gradu
1313 633 1472 679 transit.
1493 635 1569 679 Se·-

289 707 410 752 mina
440 707 642 752 omnium
664 723 807 755 rerum
837 706 959 753 causa
979 707 1163 753 sunt:et
1183 718 1327 754 tamen
1359 707 1568 754 minimae

287 795 429 842 partes
454 779 550 826 sunt
579 796 732 826 eorum
760 796 872 843 quae
899 779 1094 842 gignunt.
1125 780 1314 842 Adspice
1338 780 1539 841 Rhenum
1556 815 1571 838 ,

284 851 458 914 adspice
485 853 748 914 Euphratem
767 887 781 910 ,
803 868 957 899 omnes
975 853 1163 915 denique
1185 853 1377 916 inclytos
1395 869 1568 899 amnes:

288 926 393 989 quid
411 925 506 971 sunt
521 957 535 981 ‚
553 927 581 971 si
599 926 696 973 illos
713 926 801 972 illic
820 927 934 971 unde
957 926 1139 972 effluunt
1153 960 1166 983 ,
1185 925 1408 972 aestimes?
1427 925 1572 986 Quid-

287 999 393 1063 quid
411 1000 472 1046 est
493 1016 583 1063 quo
603 1000 835 1055 timentur,
856 1016 947 1063 quo
975 1000 1256 1046 nominantur
1271 1032 1284 1054 ‚
1308 1000 1351 1045 in
1373 999 1574 1063 processu

286 1088 566 1136 paraverunt.
597 1074 729 1121 Tolle
763 1075 954 1121 radicem
975 1109 988 1129 ,
1024 1088 1207 1119 nemora
1242 1091 1332 1120 non
1367 1076 1573 1137 surgent;

287 1161 369 1191 nec
387 1145 492 1191 tanti
510 1158 684 1192 montes
703 1145 954 1193 vestientur.
973 1144 1161 1206 Adspice
1182 1146 1344 1204 trabes,
1365 1147 1452 1194 five
1468 1162 1574 1207 pro-

288 1216 510 1264 ceritatem
530 1216 724 1265 aestimes
738 1254 750 1276 ,
768 1219 1007 1273 altissimas3
1035 1216 1122 1264 sive
1143 1218 1462 1265 crassitudinem
1480 1219 1575 1281 spa-

288 1290 485 1358 tiumque
505 1307 727 1337 ramorum
745 1327 758 1350 ,
785 1291 982 1338 latissime
1004 1290 1135 1337 fusas:
1156 1292 1408 1353 quantulum
1428 1291 1488 1338 est
1508 1292 1573 1338 his

288 1380 593 1426 comparatum
612 1365 742 1423 illud,
763 1367 888 1429 quod⁴
906 1365 1027 1412 radix
1052 1365 1173 1411 tenui
1190 1364 1297 1410 fibra
1319 1364 1573 1427 comple&-

289 1437 387 1482 tur?
413 1437 660 1484 Innituntur
679 1438 971 1485 fundamentis
991 1438 1072 1484 suis
1095 1438 1283 1500 templa,
1311 1451 1351 1483 et
1367 1439 1436 1484 illa
1455 1438 1574 1485 urbis

281 1509 495 1564 moenia:
521 1525 666 1557 tamen
698 1529 808 1575 quae
837 1513 882 1559 in
911 1511 1234 1578 firmamentum
1263 1513 1397 1559 totius
1426 1511 1575 1575 operis

290 1583 399 1629 ia&a
428 1584 541 1640 sunt,
571 1585 716 1632 latent.
745 1587 862 1633 Idem
893 1587 936 1631 in
968 1586 1121 1633 ceteris
1153 1585 1328 1634 evenit:
1364 1585 1574 1648 principia

282 1666 363 1713 'sua
389 1659 558 1722 semper
588 1659 770 1723 sequens
802 1660 1059 1723 magnitudo
1087 1660 1247 1706 obruit.
1275 1661 1381 1717 Non
1408 1659 1576 1722 potuis-

289 1731 379 1788 sem
403 1732 641 1795 quidquam
674 1733 906 1796 consequi,
936 1732 1013 1778 nisi
1045 1745 1274 1795 parentum
1308 1730 1571 1778 beneficium

291 1803 568 1849 antecessisset
589 1821 598 1848 ε
620 1804 692 1850 sed
711 1821 799 1851 non
820 1805 923 1861 ideo
941 1805 1153 1868 quidquid
1178 1804 1434 1851 consecutus
1453 1803 1543 1850 sum
1562 1840 1575 1860 ‚

276 1876 439 1937 ¹minus
464 1876 526 1923 est
554 1895 608 1924 eo
626 1915 639 1937 ‚
669 1879 756 1926 sine
783 1896 874 1941 quo
907 1878 1161 1925 consecutus
1194 1895 1286 1923 non
1305 1877 1450 1923 essem.
1482 1877 1576 1923 Nisi

294 1965 366 1995 me
384 1950 527 1995 nutrix
556 1951 716 1997 aluisset
741 1952 948 1998 infantem
966 1984 978 2006 ,
1001 1952 1107 1997 nihil
1126 1968 1282 1998 eorum
1296 1984 1317 2013 ²*
1338 1967 1447 2014 quae
1467 1966 1573 1997 con·

277 2014 389 2067 'silio
411 2039 461 2069 ac
491 2040 621 2069 manu
650 2041 756 2087 gero
774 2060 787 2082 ‚
823 2025 964 2071 facere
992 2025 1220 2089 potuissem
1241 2061 1255 2083 ‚
1275 2042 1368 2071 rnec
1387 2024 1433 2070 in
1464 2023 1576 2070 hanc

295 2111 518 2158 emergere
554 2097 746 2144 nominis
778 2098 1044 2151 claritatem,
1071 2113 1201 2160 quam
1231 2096 1350 2160 civili
1382 2111 1432 2143 ac
1459 2095 1574 2140 mili-

276 2165 377 2223 tari
404 2166 609 2212 industria
639 2168 777 2215 merui
802 2186 812 2215 ε
845 2168 1061 2231 numquid
1077 2182 1221 2215 tamen
1253 2169 1355 2215 ideo
1374 2167 1576 2230 maximis

295 2239 502 2298 operibus
530 2241 743 2301 praeferes
761 2242 940 2288 nutricis
969 2242 1161 2287 officium
1182 2242 1198 2288 ?
1219 2243 1277 2287 At
1305 2240 1413 2304 quid
1439 2240 1573 2303 inter-

295 2310 357 2355 est
375 2345 388 2366 ‚
426 2329 524 2358 cum
546 2330 684 2376 aeque
705 2312 791 2360 fine
811 2314 943 2376 patris
961 2315 1199 2372 beneficio,
1227 2331 1357 2378 quam
1379 2313 1467 2360 fine
1497 2330 1574 2359 nu·

296 2383 418 2430 tricis
437 2421 448 2438 ‚
483 2404 573 2431 non
601 2387 820 2448 potuerim
848 2388 901 2433 ad
932 2388 1142 2434 ulteriora
1171 2386 1442 2451 procedere?

369 2457 529 2505 XXIX.-
546 2460 685 2519 Quod
702 2460 732 2506 si
753 2460 881 2507 initio
901 2476 1027 2520 meo,
1046 2461 1258 2525 quidquid
1277 2460 1363 2507 iam
1381 2458 1549 2523 possum
1561 2494 1577 2518 ‚
