1742 2967
1218 41 1226 70 Ι

357 144 446 188 208
592 142 639 189 L.
691 141 982 216 ANNAEI
1035 141 1388 187 SENECAE

348 251 422 295 dat
452 248 575 294 Deus
600 244 809 303 beneficia
829 279 842 302 ‚
866 246 936 292 sed
968 246 1138 293 securus
1158 258 1199 292 et
1225 247 1444 310 negligens
1472 246 1623 309 nostri,

346 318 521 367 aversus
540 335 564 364 a
583 318 748 364 mundo
763 353 777 375 ‚
797 319 911 364 aliud
934 319 1021 382 agit
1036 354 1047 374 ‚
1069 332 1141 366 aut
1160 321 1292 383 (quae
1318 320 1504 366 maxima
1524 321 1625 384 Epi·

347 409 457 441 curo
491 391 673 438 felicitas
703 391 916 456 videtur)
949 391 1052 438 nihil
1084 393 1196 456 agit,
1229 410 1310 440 nec
1334 393 1470 456 magis
1501 392 1622 439 illum

348 464 588 520 beneficia,
623 480 754 527 quam
790 464 970 512 iniuriae
1002 476 1194 528 tangunt.
1244 466 1344 512 Hoc
1374 465 1450 528 qui
1485 465 1627 523 dicit,

347 555 439 584 non
466 536 645 583 exaudit
671 537 939 598 precantium
968 554 1130 595 voces,
1161 550 1203 584 et
1234 538 1425 601 undique
1458 536 1628 584 sublatis

346 613 392 658 in
413 611 585 658 coelum
609 610 806 657 manibus
825 626 931 659 vota
951 609 1200 658 facientium
1215 647 1229 670 ,
1257 613 1426 675 privata
1445 627 1493 659 ac
1516 612 1628 674 pub-

346 684 442 731 lica.
477 683 614 743 Quod
648 683 846 745 profe&o
878 701 968 730 non
994 684 1115 732 fieret
1135 720 1148 743 ‚
1176 685 1325 732 necin
1354 685 1471 737 hunc
1499 684 1626 732 furo-

344 774 437 803 rem
471 773 626 802 omnes
666 758 869 803 mortales
912 757 1215 804 consensissent
1253 757 1502 821 alloquendi
1537 754 1628 804 sur-

344 831 397 876 da
423 828 600 875 numina
635 842 676 876 et
700 829 942 876 inefficaces
975 832 1080 879 deos
1102 866 1114 888 ‚
1146 830 1220 876 nisi
1249 831 1416 878 noffent
1450 831 1625 878 illorum

345 901 558 949 beneficia
578 919 692 948 nunc
711 902 824 949 ultro
840 902 1006 960 oblata,
1025 919 1140 948 nunc
1162 904 1384 951 orantibus
1404 899 1526 962 data,
1545 920 1628 950 ma-

348 991 429 1039 gna
447 1011 461 1031 ‚
489 973 769 1036 tempestiva,
793 973 989 1036 ingentes
1015 974 1152 1021 minas
1177 973 1422 1023 interventu
1448 977 1523 1022 suo
1543 975 1627 1022 sol-

349 1048 510 1096 ventia.
552 1047 664 1108 Quis
690 1045 750 1093 est
784 1058 925 1093 autem
952 1058 1040 1093 tam
1072 1046 1228 1105 miser,
1261 1061 1345 1094 tam
1375 1049 1592 1112 neglectus
1613 1085 1628 1104 ‚

346 1121 442 1183 quis
468 1133 554 1166 tam
582 1120 695 1166 duro
727 1118 819 1166 fato
838 1155 851 1176 ,
879 1135 922 1167 et
949 1121 994 1166 in
1023 1136 1212 1182 poenam
1239 1121 1438 1183 genitus,
1465 1137 1511 1169 ut
1536 1138 1627 1168 non

327 1205 505 1240 tantam
539 1195 724 1240 deorum
757 1193 1102 1241 munificentiam
1139 1193 1348 1242 senserit?
1389 1196 1504 1259 Ipsos
1530 1196 1627 1243 illos

347 1267 670 1328 complorantes
687 1266 848 1313 sortem
869 1267 1011 1325 suam,
1028 1280 1070 1312 et
1097 1267 1302 1330 querulos
1327 1268 1627 1331 circumspice.

346 1340 542 1387 invenies
575 1357 664 1385 non
703 1357 758 1386 ex
787 1352 884 1386 toto
915 1338 1231 1386 beneficiorum
1269 1341 1518 1387 coelestium
1548 1358 1625 1387 ex·

346 1423 485 1474 pertes
508 1412 758 1458 :neminem
787 1411 893 1468 effe,
916 1412 969 1460 ad
993 1428 1123 1474 quem
1157 1427 1245 1457 non
1275 1412 1438 1474 aliquid
1469 1430 1522 1459 ex
1549 1414 1625 1459 illo

346 1484 651 1547 benignissimo
676 1484 802 1531 fonte
830 1485 1086 1532 manaverit.
1119 1487 1274 1531 Parum
1296 1485 1356 1531 est
1386 1498 1527 1532 autem
1557 1485 1628 1543 id,

344 1557 467 1618 quod
486 1557 755 1603 nascentibus
779 1575 833 1603 ex
854 1575 998 1621 aequo
1026 1556 1326 1604 distribuitur?
1353 1560 1414 1604 Ut
1433 1575 1541 1622 quae
1565 1560 1626 1605 se-

346 1643 540 1691 quuntur
555 1665 568 1686 ‚
593 1629 805 1692 inaequali
828 1630 1066 1692 dispensata
1089 1631 1286 1676 mensura
1301 1666 1313 1686 ‚
1338 1632 1625 1690 transeamus,

347 1718 497 1762 parum
521 1702 642 1748 (ledit
674 1718 822 1748 natura
839 1739 850 1760 ‚
873 1721 971 1749 cum
1004 1703 1045 1750 se
1073 1703 1224 1751 dedit?

408 1776 462 1820 V.
492 1775 595 1819 Non
627 1775 698 1821 dat
725 1777 846 1821 Deus
871 1775 1095 1823 beneficia.
1122 1776 1252 1822 Unde
1275 1792 1382 1837 ergo
1409 1775 1484 1822 ista
1514 1794 1625 1841 quae

346 1845 528 1907 possides
551 1845 567 1890 ?
599 1863 708 1908 quae
731 1847 830 1893 das?
853 1864 963 1910 quae
987 1848 1148 1910 negas?
1177 1864 1286 1910 quae
1311 1848 1488 1895 servas?
1515 1867 1625 1913 quae

342 1919 489 1979 rapis?
511 1920 624 1965 unde
651 1920 756 1967 haec
774 1921 1103 1967 innumerabilia
1118 1958 1131 1978 ,
1150 1923 1328 1986 oculos,
1348 1925 1486 1972 aureis
1502 1961 1513 1979 ‚
1532 1926 1624 1972 ani-

344 2007 464 2035 mum
485 1991 748 2039 mulcentia?
781 1995 897 2040 unde
922 1994 995 2041 illa
1019 1995 1233 2040 luxuriam
1261 2013 1441 2060 quoque
1469 1998 1623 2047 instru-

343 2079 418 2109 ens
446 2063 608 2125 copia?
640 2065 796 2127 Neque
824 2065 941 2111 enim
973 2067 1287 2113 necessitatibus
1310 2069 1623 2115 'tantummodo

343 2136 500 2184 nostris
521 2139 747 2198 provisum
767 2139 826 2185 est
848 2158 858 2185 ε
885 2140 1019 2203 usque
1040 2141 1081 2186 in
1103 2141 1274 2189 delicias
1299 2160 1504 2188 amamur.
1533 2144 1624 2188 Tot

343 2211 536 2269 arbusta,
565 2228 654 2257 non
681 2229 771 2258 uno
797 2214 936 2259 modo
970 2213 1208 2276 frugifera,
1234 2227 1302 2262 tot
1331 2217 1490 2262 herbae
1516 2216 1622 2261 salu-

313 2295 456 2330 ‚teres
472 2320 484 2338 ‚
526 2297 592 2329 tot
615 2286 844 2333 varietates
869 2287 1068 2333 ciborum
1104 2305 1180 2350 per
1206 2303 1532 2336 totumannum
1554 2289 1622 2334 di—

344 2357 519 2419 gestae,
564 2372 611 2404 ut
646 2358 771 2405 inerti
802 2376 982 2423 quoque
1021 2360 1204 2407 fortuita
1250 2378 1389 2410 terrae
1420 2365 1622 2408 alimenta

342 2430 613 2489 praeberent.
652 2431 741 2479 Iam
769 2433 967 2481 animalia
988 2433 1133 2482 omnis
1157 2435 1352 2499 generis,
1373 2434 1451 2482 alia
1474 2435 1520 2482 in
1544 2432 1621 2479 fi:-
