1742 2967
273 167 371 209 ’.ω
516 122 566 203 ιζ,
610 150 914 198 ΑΝΝΑΕῐ
966 150 1331 199 SENECAE

270 274 371 314 ror,
401 272 491 303 non
520 255 666 303 servio
693 255 926 310 mete-riae,
954 253 1025 301 sed
1052 255 1258 318 indulgeo
1281 273 1291 301 ε
1316 271 1429 318 quae
1462 271 1552 319 quo

272 330 423 385 ducit,
462 329 729 390 sequendum
762 325 852 382 est,
890 345 981 373 non
1020 344 1112 390 quo
1149 328 1324 374 invitat.
1359 329 1551 375 Subinde

272 404 392 449 enim
423 401 648 456 nascetur,
676 400 797 463 quod
834 400 1001 446 laceffat
1032 399 1176 463 aliqua
1208 400 1436 447 duicedine
1461 401 1554 447 ani-

273 493 422 533 mum,
445 473 582 536 magis
602 489 693 518 non
723 473 1066 535 supervacuum,
1097 489 1229 536 quam
1258 470 1555 521 necessarium.

277 552 445 596 Verum
464 548 565 611 quia
583 545 640 592 ita
662 545 745 604 vis,
765 545 1086 608 perseveremus
1101 580 1115 601 ,
1132 545 1310 606 peraffls
1330 560 1443 607 quae
1461 561 1552 590 rem

267 620 559 673 continebant
574 656 590 678 ,
613 620 792 668 scrutari
813 620 940 666 etiam
962 637 1038 675 ea,
1064 636 1173 682 quae
1190 653 1205 678 ,
1223 619 1253 666 fi
1271 619 1338 667 vis
1364 635 1517 668 verum
1537 656 1553 679 ,

272 711 478 746 connexa
511 695 629 752 sunt,
654 710 745 739 non
772 693 1078 740 cohaerentia:
1103 708 1214 753 quae
1238 692 1432 753 quisquis
1458 692 1550 737 dili-

274 783 434 833 gen-ter
462 767 665 830 inspicit,
691 764 905 812 nec‘facit
933 780 1094 825 operae
1127 763 1312 825 pretium
1332 799 1346 822 ‚
1380 781 1459 811 nec
1486 775 1553 810 tau

275 860 377 890 men
406 842 546 905 perdit
570 855 766 902 operam.
796 837 900 884 Tibi
924 851 1065 882 autem
1097 836 1267 882 homini
1294 850 1445 883 natura
1472 853 1555 899 op-

272 917 416 974 timo,
446 927 488 962 et
519 914 573 961 ad
598 910 810 960 beneficia
850 910 1102 972 propenso,
1136 908 1340 956 Liberalis
1371 909 1558 967 Aebuti,

277 990 392 1036 nulla
422 1004 575 1034 eorum
610 983 800 1030 laudatio
832 981 1052 1028 satisfacit.
1098 982 1331 1028 Neminem
1364 1000 1555 1046 unquam

279 1059 375 1108 vidi
393 1073 481 1105 tam
512 1055 746 1118 benignum
765 1084 779 1108 ‚
800 1054 930 1098 etiam
961 1051 1279 1098 leviffimorum
1307 1049 1558 1098 officiorum

277 1132 613 1180 aestimatorem.
639 1130 730 1174 Iam
749 1125 922 1172 bonitas
944 1137 1017 1170 tua
1036 1126 1229 1188 eousque
1256 1125 1452 1187 proidpsa
1469 1124 1556 1180 est,

281 1220 329 1254 ut
358 1205 440 1252 tibi
470 1202 561 1251 dari
588 1214 714 1266 putes
746 1198 1032 1253 beneficium,
1064 1199 1183 1261 quod
1211 1198 1285 1244 ulli
1316 1198 1454 1245 datur.
1481 1216 1559 1262 pa-

280 1293 396 1328 ratus
427 1296 500 1336 es,
525 1294 581 1324 ne
613 1292 745 1339 quem
774 1271 977 1321 beneficii
1000 1272 1251 1334 poeniteat,
1274 1289 1359 1334 pro
1384 1272 1559 1335 ingratis

277 1354 543 1417 dependere,
577 1350 668 1413 lpse
692 1348 826 1417 usque
851 1362 908 1394 eo
934 1347 1034 1394 abes
1062 1346 1117 1392 ab
1146 1345 1270 1391 omni
1301 1345 1558 1404 iaetatione,

277 1427 414 1488 usque
433 1441 489 1471 eo
506 1423 646 1469 stetim
664 1421 732 1470 vis
748 1421 988 1467 eionerare
1007 1435 1119 1480 quos
1139 1417 1329 1481 obligas,
1354 1431 1402 1464 ut
1432 1417 1561 1480 quid—

283 1497 391 1562 quid
424 1497 468 1543 in
498 1495 689 1558 aliquem
720 1491 922 1546 confers,
947 1490 1060 1538 velis
1084 1489 1227 1536 videri
1257 1506 1347 1535 non
1377 1489 1561 1552 praesta-

283 1586 335 1619 re
347 1607 362 1631 ‚
378 1570 453 1618 sed
471 1564 665 1617 reddere.
684 1567 878 1629 Ideoque
896 1562 1065 1628 plenius
1084 1563 1138 1609 ad
1155 1575 1200 1609 te
1220 1561 1279 1610 fic
1298 1563 1394 1610 data
1412 1577 1564 1610 rever-

284 1654 449 1691 tuntur.
480 1656 578 1686 nam
607 1637 698 1685 fere
718 1636 955 1699 sequuntur
980 1632 1193 1682 beneficia
1215 1648 1308 1680 non
1331 1633 1565 1696 reposcen-

287 1729 378 1763 tem
395 1732 409 1761 -:
431 1725 476 1761 et
496 1725 545 1760 ut
565 1712 705 1777 gloria
725 1709 938 1775 fugientes
958 1708 1093 1773 magis
1111 1708 1303 1772 sequitur
1317 1741 1332 1764 ,
1360 1706 1420 1755 ita
1442 1708 1564 1755 fruc-

287 1799 359 1836 tus
390 1784 708 1834 beneficiorum
736 1784 896 1849 gratius
928 1782 1158 1847 respondet
1189 1781 1303 1837 illis,
1341 1797 1419 1842 per
1450 1797 1564 1843 quos

287 1861 420 1909 etiam
450 1859 536 1907 effe
567 1857 744 1923 ingratis
774 1859 888 1905 licet.
918 1860 1000 1905 Per
1029 1868 1073 1903 te
1102 1870 1224 1903 verov
1244 1871 1336 1901 non
1370 1854 1431 1901 est
1465 1871 1564 1901 mo·

289 1949 363 1990 ra,
392 1948 484 1995 quo
516 1930 659 1977 minus
688 1928 900 1976 beneficia
931 1927 1007 1992 qui
1033 1938 1291 1988 acceperunt
1309 1962 1324 1983 ‚
1348 1925 1466 1972 ultro
1492 1943 1565 1972 reo

291 2016 439 2069 petant
458 2021 471 2050 :
492 2018 574 2050 nec
599 2000 814 2049 recusabis
833 1997 1035 2047 conferre
1054 1998 1157 2054 alia,
1178 2013 1221 2045 et
1247 1997 1471 2061 suppreffis
1491 1998 1566 2044 disn

291 2076 583 2141 simulatisque
615 2076 736 2140 plura
771 2092 821 2122 ac
855 2074 1021 2121 maio-ra
1053 2072 1253 2119 adiicere.
1286 2070 1565 2134 Propositum

292 2151 451 2217 optimi
468 2151 581 2210 viri,
602 2162 645 2198 et
665 2148 848 2214 ingentis
870 2147 1003 2194 animi
1030 2146 1117 2203 est,
1146 2158 1232 2192 tam
1262 2146 1339 2191 diu
1367 2145 1480 2191 ferre
1499 2146 1579 2191 in-.

291 2238 486 2289 gratum‚
516 2227 661 2272 donec
692 2221 843 2271 feceris
868 2234 1052 2286 gratum.
1088 2222 1182 2266 Nec
1201 2232 1242 2266 te
1264 2218 1338 2264 ista
1363 2218 1474 2264 ratio
1495 2218 1565 2263 de-

293 2298 442 2360 cipiet,
473 2297 757 2344 succumbunt
789 2294 897 2342 vitia
919 2292 1178 2348 virtutibus,
1205 2292 1234 2337 fi
1258 2291 1330 2338 illa
1358 2306 1446 2338 non
1474 2289 1567 2337 cito

292 2370 433 2415 odisse
451 2366 770 2431 properaveris,

363 2445 416 2492 ss.
442 2443 553 2490 Illud
579 2441 730 2507 utique
757 2437 884 2486 unice
905 2437 982 2485 tibi
1011 2435 1177 2502 placet,
1205 2435 1323 2484 velut
1339 2427 1565 2498 magnifice
