1742 2967
369 205 474 252 DE
522 200 961 250 BENEFlclls
1011 200 1141 247 ΜΒ.
1191 201 1268 247 IV.
1367 214 1454 263 233

180 310 440 360 nescientem
464 326 557 374 quo
580 309 711 367 loco,
741 325 854 373 quae
882 307 1061 356 summis
1081 323 1132 354 ac
1157 305 1457 354 excellentiffi-

179 382 262 429 mis
294 381 531 438 debentur,
562 398 740 444 ponam.
785 384 843 428 At
875 396 959 443 ego
989 380 1110 437 scio,
1142 378 1216 424 alii
1247 395 1317 424 me
1347 377 1459 424 istud

179 454 308 513 dare,
341 453 415 500 alii
445 453 553 499 olim
587 454 782 501 debitum
816 453 998 501 solvere.
1042 451 1173 498 Unde
1199 449 1266 496 isti
1298 460 1460 496 norunt

180 527 302 575 illum
329 528 546 592 quendam
562 564 573 583 ,
599 528 763 591 gloriae
783 527 1001 592 sequentis
1023 523 1342 590 fugaciffimum
1358 559 1372 581 ‚
1404 538 1461 569 eo

182 601 305 647 vultu
333 602 387 646 ad
407 601 596 662 pericula
617 614 792 649 euntem
812 633 826 657 ‚
865 617 958 664 quo
976 600 1047 646 alii
1080 616 1134 646 ex
1162 595 1357 661 periculo
1389 610 1460 640 re-

186 673 350 720 deunt?
375 689 598 736 nunquam
617 675 783 721 bonurn
802 674 924 721 suum
945 690 968 720 a
988 672 1167 735 publico
1194 667 1462 730 distinguen-

178 744 295 793 tem?
325 746 438 805 Ubi,
460 747 629 810 inquis,
662 746 763 805 iste,
794 760 867 794 aut
899 745 999 809 quis
1017 745 1110 792 est?
1144 742 1291 790 unde?
1320 740 1464 787 nesci·-

182 819 246 866 tis.
282 821 399 882 apud
431 837 501 867 me
535 820 638 867 istae
671 820 968 882 expensorum
995 829 1364 881 acceptorumque
1395 830 1463 860 ra-

181 893 324 940 tiones
350 893 685 957 dispunguntur.
722 897 818 958 Ego
854 893 964 957 quid
1001 891 1072 939 cui
1108 890 1322 943 debeam,
1358 887 1464 935 scio.

182 968 274 1014 aliis
311 967 409 1031 post
441 969 615 1032 longam
653 969 769 1015 diem
818 983 994 1030 repono
1019 1002 1033 1024 ‚
1072 964 1164 1012 aliis
1194 964 1240 1010 in
1274 961 1464 1010 anteces-

184 1038 305 1085 sum:
340 1055 390 1086 ac
417 1053 549 1102 prout
569 1040 766 1098 occasio,
793 1051 835 1088 et
854 1038 1119 1102 reipublicae
1139 1052 1262 1084 meae
1286 1034 1465 1083 facultas

184 1113 295 1160 tulit.

246 1186 461 1234 XXXIII.
505 1189 683 1251 Ingrato
714 1203 823 1250 ergo
849 1184 1085 1249 aliquando
1117 1183 1328 1247 quaedam
1348 1217 1362 1238 ‚
1390 1179 1464 1228 sed

185 1275 277 1306 non
311 1274 497 1323 propter
526 1260 665 1323 ipsum
702 1260 833 1307 dabo.
878 1259 1003 1319 Quid
1022 1258 1080 1317 fi,
1110 1256 1279 1319 inquit,
1303 1254 1468 1311 nescis,

186 1344 334 1379 utrum
368 1347 511 1396 gratus
551 1335 634 1392 fit,
670 1352 723 1381 an
760 1332 986 1397 ingratus?
1025 1328 1292 1393 exspeciabis
1325 1329 1467 1374 donec

183 1404 316 1462 scias,
348 1423 403 1452 an
435 1407 565 1452 dandi
586 1405 787 1453 beneficii
816 1418 988 1467 tempus
1018 1419 1109 1449 non
1135 1399 1344 1448 amittes?
1376 1400 1465 1444 Ex-

186 1476 376 1539 speAEiare
404 1479 585 1542 longum
606 1478 680 1526 est.
709 1494 808 1524 nam
830 1476 901 1541 (ut
926 1476 1049 1523 Plato
1074 1475 1156 1534 ait)
1183 1471 1367 1520 difficilis
1386 1471 1467 1516 hu-

185 1550 305 1596 mani
331 1550 466 1597 animi
494 1553 745 1599 coniectura
767 1550 826 1596 est
847 1568 857 1595 ε
880 1565 970 1595 non
989 1547 1252 1610 exspectare,
1282 1559 1469 1591 temera-

185 1622 299 1669 rium
331 1622 406 1669 est.
433 1624 550 1671 Huic
580 1623 944 1687 respondebimus
961 1658 976 1679 ,
1001 1636 1225 1683 nunquam
1252 1615 1468 1678 &specia-

185 1712 235 1743 re
265 1713 347 1743 nos
379 1696 655 1744 certiffimam
688 1714 834 1744 rerum
862 1694 1328 1758 comprehensionem:
1351 1703 1469 1753 quo-

187 1767 303 1814 niam
332 1767 376 1814 in
407 1769 545 1815 arduo
576 1769 636 1814 est
665 1769 760 1815 veri
791 1768 1069 1831 exploratio:
1091 1765 1163 1812 sed
1193 1780 1244 1810 ea
1265 1763 1353 1817 ire,
1379 1776 1467 1823 qua

187 1843 308 1903 ducit
325 1844 422 1892 veri
435 1843 684 1891 similitudo.
696 1846 845 1890 Omne
858 1844 938 1890 hac
953 1843 1024 1891 via
1039 1839 1240 1904 procedit
1254 1836 1467 1885 officium.

134 1928 135 1931 ’
176 1916 245 1966 'fic
258 1918 438 1966 serimus
452 1956 466 1976 ‚
488 1919 545 1966 fic
567 1919 848 1982 navigamus,
881 1917 937 1964 fic
954 1916 1212 1971 militamus,
1231 1911 1286 1958 fic
1305 1925 1464 1958 uxores

189 1990 411 2048 ducimus,
434 1991 490 2038 fic
517 1990 677 2036 liberos
700 1990 890 2035 tollimus
911 2006 922 2036 ε
953 2004 1053 2035 cum
1079 1985 1278 2034 omnium
1299 1984 1462 2029 horum

189 2062 384 2111 incertus
401 2064 451 2110 fit
466 2075 662 2112 eventus.
687 2065 770 2110 ⁴Ad
786 2081 836 2110 ea
853 2062 1124 2118 accedimus,
1141 2060 1195 2107 de
1213 2057 1373 2123 quibus
1391 2056 1469 2103 be-

192 2151 248 2181 ne
274 2136 530 2198 sperandum
561 2136 647 2182 effe
678 2136 906 2183 credimus.
946 2135 1057 2195 Quis
1083 2133 1204 2181 enim
1236 2129 1468 2194 pollicetur

192 2207 348 2255 serenti
367 2221 631 2270 proventum
647 2245 659 2266 ,
677 2209 899 2272 naviganti
924 2225 1131 2271 portum,
1153 2205 1353 2253 militanti
1371 2204 1469 2250 vic-

191 2281 373 2338 toriam,
393 2281 552 2326 marito
576 2281 782 2343 pudicam
804 2297 986 2327 uxorem
999 2316 1012 2339 ‚
1029 2279 1140 2344 patri
1160 2277 1255 2341 pios
1271 2275 1470 2324 liberos?

193 2353 422 2416 Sequimur
446 2371 532 2417 qua
558 2355 671 2400 ratio
689 2393 700 2410 ‚
720 2372 812 2401 non
836 2372 919 2417 qua
938 2354 1099 2402 veritas
1116 2352 1260 2400 trahit.
1280 2350 1467 2413 Exspec·

193 2437 263 2481 ta,
285 2439 331 2472 ut
350 2426 427 2472 nifi
455 2427 566 2473 bene
592 2428 754 2474 ceffura
782 2444 873 2472 non
900 2426 1029 2476 facias
1047 2463 1060 2484 ‚
1081 2442 1125 2474 et
1153 2425 1230 2472 nisi
1260 2440 1470 2488 comper-

195 2510 240 2547 ta
257 2500 439 2549 veritate
454 2500 560 2547 nihil
577 2501 796 2548 moveris:
818 2501 972 2549 reli-{lo
987 2499 1114 2549 omni
1130 2500 1227 2548 acin
1247 2500 1338 2547 vita
1356 2514 1468 2546 cow
