1742 2967
270 159 362 205 „4
510 140 1312 188 L.ANNAetsENECAE

264 250 338 296 ubi
365 249 409 295 in
436 247 765 312 comparatione
794 245 997 294 beneficii
1025 248 1392 310 praeponderavit
1419 249 1537 297 iniu-

262 321 346 368 ria:
362 321 419 368 ita
440 338 531 367 non
554 319 747 367 aufertur
765 318 1022 366 beneficium
1036 355 1050 377 ,
1066 319 1140 367 sed
1158 320 1363 368 vincitur.
1378 322 1534 381 Quid?

263 416 355 446 non
375 410 463 445 tam
493 396 588 444 duri
612 395 789 458 quidam
806 429 819 449 ‚
843 409 886 441 et
909 406 997 440 tam
1027 392 1218 440 scelerati
1248 407 1391 456 patres
1409 395 1536 455 sunt,

261 484 309 519 ut
339 473 439 519 illos
468 468 656 518 aversari
679 479 722 516 et
750 467 915 538 eiurare
939 467 1005 513 ius
1027 465 1177 531 fasque
1203 467 1282 515 fit?
1306 469 1535 533 Numquid

259 561 369 607 ergo
400 544 462 590 illi
485 541 778 599 abstulerunt,
802 555 913 602 quae
939 538 1183 586 dederant?
1210 540 1390 587 minime
1417 559 1428 587 ε
1460 542 1536 589 sed

259 612 457 679 impietas
485 612 759 677 sequentium
791 621 1070 672 temporum,
1102 612 1535 660 commendationem

259 692 406 738 omnis
434 688 594 752 prioris
623 685 757 733 officii
782 685 958 732 sustulit.
990 681 1096 731 Non
1123 685 1386 733 beneficium
1414 689 1535 740 tolli-

258 780 354 822 tur,
374 764 445 810 sed
463 759 664 809 beneficii
680 758 814 822 gratia
831 775 842 804 :
861 770 905 804 et
922 758 1107 804 efficitur
1120 791 1134 814 ,
1154 774 1244 805 non
1262 775 1316 804 ne
1334 760 1534 818 habeam,

256 837 329 884 sed
348 844 400 882 n'e
425 832 622 881 debeam.
645 831 872 894 Tanquam
891 829 1119 891 pecuniam
1140 829 1293 892 aliquis
1313 831 1420 877 mihi
1440 849 1533 878 cre·

257 910 396 957 didit:
418 907 489 955 sed
513 906 694 962 domum
718 918 859 949 meam
883 901 1088 949 incendit.
1108 901 1328 963 pensatum
1351 903 1412 950 est
1437 920 1533 955 cre-

257 982 397 1028 ditum
436 980 628 1025 damno:
653 991 734 1021 nec
762 972 934 1020 reddidi
961 972 1051 1030 illi,
1083 988 1163 1019 nec
1197 984 1344 1021 tamen
1376 975 1533 1024 debeo.

257 1053 427 1101 Eodem
460 1049 599 1096 modo
630 1062 672 1094 et
696 1045 780 1094 hic.
809 1044 885 1108 qui
913 1043 1078 1107 aliquid
1107 1043 1295 1107 benigne
1327 1045 1532 1093 adversus

257 1143 328 1173 me
355 1124 484 1180 fecit,
510 1120 671 1184 aliquid
695 1117 948 1174 liberaliter,
965 1116 1039 1164 sed
1057 1116 1203 1178 postea
1227 1117 1357 1162 multa
1384 1117 1531 1181 super-

257 1200 312 1248 be
326 1235 338 1256 ,
357 1193 696 1248 contumeliose,
713 1189 943 1240 crudeliter
962 1208 972 1236 :
993 1206 1050 1236 eo
1072 1190 1176 1236 loco
1201 1207 1272 1237 me
1296 1191 1466 1253 posuit,
1486 1203 1533 1239 ut

257 1270 438 1333 perinde
460 1268 567 1314 liber
595 1263 797 1312 adversus
822 1280 924 1310 eum
954 1261 1058 1317 fim,
1083 1261 1201 1324 quafi
1230 1279 1320 1308 non
1339 1264 1532 1326 accepis-

258 1345 371 1399 sem·,
395 1342 487 1388 vim
517 1337 741 1387 beneficiis
759 1336 844 1383 suis
862 1336 1013 1383 attunt.
1043 1335 1268 1381 Colonum
1292 1335 1412 1381 suum
1440 1351 1531 1382 non

257 1430 400 1474 tenet,
420 1413 623 1479 quamvis
642 1412 806 1460 tabellis
826 1410 1096 1458 manentibus
1109 1444 1123 1465 ,
1143 1410 1218 1472 qui
1239 1408 1423 1472 segetem
1443 1409 1535 1458 eius

260 1489 560 1552 proculcavit,
587 1486 664 1550 qui
694 1484 875 1531 succidit
902 1482 1101 1529 arbusta:
1123 1497 1214 1527 non
1240 1481 1341 1543 quia
1367 1483 1533 1546 recepit

261 1563 385 1626 quod
413 1562 665 1624 pepigerat,
694 1557 767 1605 sed
796 1557 899 1620 quia
921 1573 976 1602 ne
999 1555 1241 1617 reciperet,
1268 1554 1425 1603 effecit.
1462 1556 1532 1603 Sic

263 1636 453 1684 debitori
483 1634 564 1681 suo
591 1633 784 1680 creditor
811 1633 933 1693 saepe
963 1630 1218 1688 damnatur,
1245 1629 1320 1676 ubi
1355 1629 1449 1690 plus
1479 1646 1534 1676 ex

260 1710 340 1757 alia
366 1708 488 1756 causa
512 1705 710 1760 abstulit,
734 1720 868 1768 quam
886 1720 939 1750 ex
963 1700 1132 1748 credito
1154 1700 1277 1763 petit.
1312 1700 1419 1745 Non
1437 1713 1533 1747 tan-

259 1798 353 1830 tum
385 1782 498 1828 inter
523 1778 784 1825 creditorem
814 1791 858 1821 et
885 1773 1130 1820 debitorem
1163 1772 1295 1818 iudex
1314 1771 1429 1817 sedet
1457 1772 1533 1834 qui

261 1856 406 1912 dicat,
436 1852 673 1900 Pecuniam
701 1847 930 1896 credidisti.
961 1844 1084 1906 Quid
1115 1843 1248 1907 ergo?
1279 1859 1410 1905 pecus
1432 1844 1534 1889 abe·

260 1925 384 1990 gisti,
414 1926 588 1972 servum
621 1922 712 1968 eius
750 1918 977 1973 occidisti,
1014 1915 1230 1981 agellum,
1266 1929 1397 1977 quem
1440 1929 1533 1960 non

261 2014 451 2056 emeras,
469 1996 659 2060 poffides
679 2012 690 2040 τ
711 1993 1008 2040 aestimatione
1036 1988 1167 2046 facta,
1197 1988 1370 2035 debitor
1394 1986 1531 2033 disce-

261 2073 341 2128 de,
367 2070 442 2132 qui
467 2066 660 2114 creditor
691 2080 886 2111 veneras.
920 2065 1035 2109 Inter
1051 2059 1261 2107 beneficia
1284 2076 1464 2123 quoque
1488 2071 1532 2105 et

262 2144 436 2190 iniurias
461 2142 573 2188 ratio
593 2138 833 2187 confertur.
862 2138 1017 2198 Saepe,
1044 2136 1219 2198 inquam
1235 2169 1248 2192 ,
1269 2132 1530 2180 beneficium

260 2228 432 2273 manet,
451 2231 530 2260 nec
550 2213 731 2259 debetur
745 2247 760 2267 ,
778 2209 806 2254 fi
826 2209 964 2256 secuta
983 2207 1042 2255 est
1058 2208 1229 2253 dantem
1251 2205 1532 2268 poenitentia,

261 2288 292 2335 fi
320 2288 522 2334 miserum
556 2286 597 2333 se
626 2284 762 2339 dixit,
796 2282 918 2344 quod
947 2279 1156 2337 dedisset,
1183 2277 1213 2324 fi
1245 2294 1344 2324 cum
1379 2278 1528 2335 daret,

260 2360 511 2423 suspiravit,
525 2358 698 2407 vultum
717 2355 932 2411 obduxit,
952 2354 1133 2416 perdere
1151 2353 1192 2399 se
1212 2350 1397 2397 credidit
1410 2385 1426 2406 ,
1440 2365 1529 2395 non

260 2434 457 2480 donare:
484 2432 515 2479 fi
549 2431 619 2479 sua
647 2427 801 2485 causa,
826 2438 899 2474 aut
928 2438 1045 2474 certe
1075 2441 1166 2471 non
1196 2439 1293 2470 mea
1319 2423 1439 2470 dedit
1462 2438 1473 2467 ι
1499 2421 1531 2467 fi
