1742 2967
374 176 480 234 DE
524 185 726 237 o‘rto
772 184 1206 234 SAPIENTIS.
1344 198 1425 229 121

151 311 282 359 quam
305 294 491 342 aliorum
519 292 732 341 discursus
756 304 799 340 et
828 291 972 340 sudor.
1008 295 1125 355 Ergo
1151 289 1435 338 nihilominus

152 367 197 413 hi
216 367 400 414 multum
419 367 550 430 egisse
571 366 651 412 viii
670 366 781 419 sunt,
799 366 1000 429 quamvis
1019 365 1126 411 nihil
1146 365 1317 427 publice
1337 380 1434 425 age-

151 455 261 485 rent.
295 441 516 485 Praeterea
552 439 633 485 tria
661 455 818 502 genera
849 438 944 485 sunt
980 438 1122 496 vitae,
1152 438 1265 483 inter
1293 452 1435 498 quae,

152 512 276 575 quod
296 512 344 558 fit
357 512 601 574 optimum,
627 511 777 575 quaeri
798 511 904 558 solet
925 530 935 558 ε
959 529 1094 558 unum
1120 509 1339 572 voluptati
1355 526 1432 556 va-

130 578 138 581 „
153 599 251 641 cat,
285 584 470 630 alterum
499 583 896 647 contemplationi,
927 586 1102 631 tertium
1133 583 1307 630 affioni.
1341 580 1435 629 Pri.-

154 674 277 704 mum
292 694 305 716 ,
325 657 519 720 deposita
540 659 825 705 contentione
846 657 1137 720 depositoque
1162 657 1296 714 odio,
1315 652 1450 717 quod'

154 732 431 795 implacabile
468 733 636 779 diversa
672 732 950 795 {equentibus
985 731 1248 789 indiximus,
1284 730 1436 776 videa-

157 822 288 863 mus,
314 821 367 850 an
402 805 507 851 haec
536 805 688 852 omnia
725 805 779 850 ad
812 803 929 849 idem
964 801 1040 848 sub
1072 803 1156 848 alio
1184 802 1310 848 titulo
1334 817 1438 863 per-

155 876 350 923 veniant.
378 877 472 923 Nec
503 877 600 933 ille,
626 875 702 939 qui
726 875 996 936 voluptatem
1015 875 1196 936 probat,
1218 873 1305 920 fine
1330 889 1439 919 con-

155 951 443 1013 templatione
463 949 548 1007 est;
575 967 655 997 nec
683 950 782 1006 ille,
810 948 883 1011 qui
911 947 1279 1010 contemplationi
1303 946 1439 992 inser-

155 1025 245 1082 vit,
276 1025 364 1072 fine
381 1025 610 1085 voluptate
646 1023 742 1078 est;
776 1039 856 1069 nec
877 1022 946 1068 ille
965 1059 977 1079 ‚
1009 1023 1130 1069 cuius
1158 1023 1249 1068 vita
1284 1020 1442 1066 aclioni

157 1098 360 1145 destinata
381 1099 467 1156 est,
485 1098 572 1145 fine
598 1096 972 1159 contemplatione
987 1095 1060 1142 est.
1081 1095 1321 1141 Plurimum
1340 1126 1354 1148 ,
1375 1093 1441 1138 in-

158 1173 280 1236 quis,
302 1172 561 1218 discriminis
590 1171 675 1227 est,
706 1184 855 1217 utrum
878 1170 1018 1232 aliqua
1039 1185 1105 1215 res
1136 1167 1410 1231 propositum
1430 1201 1444 1221 ,

160 1262 214 1291 an
248 1244 462 1308 propositi
492 1245 665 1290 alterius
693 1243 879 1289 acceffio
907 1242 968 1287 fit.
1021 1243 1129 1287 Sane
1160 1240 1322 1303 grande
1352 1239 1439 1285 dis-

161 1320 329 1366 crimen
352 1332 530 1366 :tamen
556 1319 738 1365 alterum
765 1317 852 1364 fine
872 1317 1007 1363 altero
1038 1333 1126 1362 non
1152 1315 1225 1361 est.
1261 1315 1356 1361 Nec
1376 1314 1445 1360 ille

160 1393 249 1439 fine
271 1393 445 1438 afflone
477 1391 829 1454 contemplatur,
858 1407 940 1437 nec
967 1390 1039 1435 hic
1066 1389 1152 1435 fine
1177 1387 1447 1448 contempla-

162 1467 284 1512 tione
311 1465 409 1529 agit.
439 1467 537 1512 Nec
567 1464 640 1511 ille
664 1465 839 1520 tertius,
866 1464 920 1509 de
939 1479 1030 1525 quo
1061 1461 1172 1507 male
1201 1460 1445 1508 existimare

162 1537 501 1591 consuevimus,
520 1536 797 1598 voluptatem
817 1535 1003 1581 inertem
1025 1534 1182 1597 probat
1195 1569 1207 1590 ,
1235 1532 1418 1579 sedeam
1433 1568 1448 1589 ‚

162 1627 296 1673 quam
321 1610 493 1656 ratione
520 1608 652 1655 efficit
677 1607 849 1654 firmam
870 1608 961 1654 fibi.
985 1609 1044 1654 Ita
1065 1618 1106 1653 et
1124 1607 1230 1652 haec
1254 1605 1341 1667 ipsa
1361 1622 1448 1652 vo-

162 1681 347 1745 luptaria
371 1682 483 1728 secia
503 1681 549 1727 in
575 1682 668 1727 aen
689 1680 763 1727 est.
794 1680 963 1740 Quidni
983 1680 1029 1725 in
1049 1680 1144 1725 achi
1164 1678 1236 1736 fit,
1266 1696 1365 1724 cum
1384 1678 1449 1741 ip-

164 1756 207 1803 se
225 1756 341 1803 dicat
365 1756 582 1818 Epicurus
598 1790 611 1811 ‚
642 1754 877 1817 aliquando
896 1753 936 1800 se
956 1752 1220 1800 receffurum
1242 1769 1265 1799 a
1284 1752 1450 1812 volup-

166 1842 279 1888 tate,
310 1830 515 1876 dolorem
551 1828 681 1875 etiam
717 1828 1011 1891 appetiturum
1030 1864 1042 1883 ,
1072 1827 1102 1872 fi
1132 1838 1203 1872 aut
1233 1824 1452 1888 voluptati

168 1901 416 1949 imminebit
433 1899 718 1963 poenitentia,
739 1911 811 1946 aut
830 1899 961 1946 dolor
981 1900 1127 1944 minor
1146 1913 1230 1960 pro
1246 1897 1451 1960 graviore

168 1976 388 2023 sumetur?
426 1976 535 2034 Quo
567 1974 754 2037 pertinet
788 1974 875 2019 hoc
907 1970 1092 2018 dicere?
1128 1983 1175 2016 ut
1212 1980 1452 2032 appareat,

170 2048 590 2111 contemplationem
622 2047 794 2107 placere
827 2046 1049 2092 omnibus.
1101 2043 1192 2088 Alii
1221 2056 1374 2103 petunt
1401 2040 1456 2086 il·

154 2122 254 2187 ,lam
277 2139 287 2169 :
310 2122 439 2167 nobis
458 2122 564 2167 haec
585 2120 709 2167 statio
736 2120 817 2177 est,
840 2135 931 2165 non
954 2130 1124 2180 portus,
1161 2114 1317 2169 Adiice
1340 2130 1454 2160 nunc

162 2186 281 2255 huc}
312 2196 435 2258 quod
456 2212 479 2241 e
506 2196 598 2259 lege
619 2195 857 2259 Chrysippi
877 2194 1032 2241 vivere
1058 2190 1204 2237 otioso
1226 2189 1339 2235 licet.
1365 2204 1456 2233 non

175 2265 280 2317 dico
300 2306 314 2329 ‚
345 2280 392 2316 ut
414 2268 555 2315 otium
579 2270 791 2331 patiatur,
811 2267 881 2315 secl
900 2280 946 2313 ut
966 2266 1107 2329 eligat.
1128 2264 1300 2326 Negant
1320 2261 1455 2308 nostri

174 2342 410 2402 sapientem
447 2341 502 2387 ad
538 2340 778 2404 quamlibet
818 2338 1134 2403 rempublicam
1171 2333 1462 2381 acceffurum.

174 2416 299 2476 Quid
318 2427 458 2462 autem
485 2414 684 2469 interest,
710 2414 945 2477 quomodo
972 2411 1135 2474 sapiens
1152 2410 1204 2455 ad
1224 2409 1364 2454 otium
1385 2423 1461 2452 ve-

175 2489 268 2538 niat
293 2485 310 2539 2*
332 2503 479 2537 utrum
507 2488 608 2553 quia
625 2486 869 2552 respublica
898 2485 961 2533 illi
1021 2483 1105 2532 eest
1121 2516 1134 2539 ,
1165 2500 1219 2529 an
1243 2481 1345 2546 quia
1373 2479 1462 2543 ipse
