1742 2967
379 177 478 254 DE
527 198 970 251 'BReviT-ATE
1023 204 1260 248 v-tTAE.
1383 212 1446 263 '71

185 314 331 379 agites.
361 313 634 375 Tu-qiti'dem
665 311 784 358 orbis
815 324 1023 357 terrarum
1053 309 1241 355 rationes
1270 309 1453 356 admini-

168 388 308 444 ’ἂι-εις,
334 397 421 432 tam
444 385 704 435 abstinenter
733 400 863 447 quam
894 382 1078 438 alienas,
1111 393 1199 428 tam
1229 382 1453 444 diligenter

183 477 310 522 quam
340 470 460 515 tuas,
491 468 581 505 tam
606 456 806 519 religiose
839 471 968 518 quam
1001 454 1203 517 publicas.
1228 454 1273 499 in
1303 453 1453 500 officio

183 548 376 578 amorem
398 529 699 593 consequeris3
730 529 773 574 in
806 544 897 591 quo
925 528 1077 574 odium
1108 527 1245 574 vitare
1278 526 1452 573 difficile

182 604 269 651 est:
293 603 364 651 sed
382 619 553 660 tamen,
575 601 682 648 mibi
709 602 842 649 crede
857 633 870 656 ‚
892 599 1016 647 satius
1046 600 1106 647 est
1124 600 1238 646 vitae
1257 599 1353 645 suae
1381 616 1450 645 ra-

183 677 346 734 tiones,
366 692 494 738 quam
524 674 731 721 frumenti
749 673 911 736 publici
930 673 1064 719 nosse.
1084 671 1212 718 Istum
1230 671 1362 718 animi
1379 671 1452 718 vi-

182 767 330 810 gorem
348 785 360 807 ,
379 766 522 796 rerum
544 747 834 795 maximarum
855 745 1173 810 capaciffimum
1187 781 1202 802 ,
1218 761 1241 790 a
1259 744 1450 791 ministe-

182 823 249 869 rio
272 820 526 868 honorifico
545 820 724 884 quidem
740 855 752 877 ‚
781 819 854 866 sed
878 835 1028 880 parurn
1049 819 1102 864 ad
1120 818 1286 864 beatam
1315 818 1450 863 vitam
1510 839 1513 847 0

170 908 314 958 apto,
329 896 382 941 ad
403 906 444 942 te
469 910 656 942 revoca:
681 904 723 940 et
740 892 880 955 cogita
894 927 905 949 ‚
925 908 1014 938 non
1033 892 1077 937 id
1095 890 1222 955 egiffe
1242 902 1283 938 te
1302 891 1355 937 ab
1375 909 1448 939 ae-
1475 933 1483 947 ,

181 980 266 1015 tate
288 967 426 1031 prima
439 1002 452 1025 ‚
471 967 594 1014 omn-i
614 967 733 1015 cultu
752 966 993 1013 studiorum
1011 966 1253 1013 liberalium
1270 1001 1283 1022 ‚
1306 979 1354 1013 ut
1369 966 1447 1012 tibi

181 1040 317 1086 multa
347 1039 475 1085 millia
501 1039 707 1086 frumenti
736 1040 846 1086 bene
877 1038 1284 1086 committerentur:
1308 1034 1448 1087 maius

182 1112 390 1171 quiddam
409 1123 451 1158 et
479 1111 602 1158 altius
623 1112 675 1157 de
705 1123 746 1157 te
765 1111 1032 1173 promiseras.
1064 1113 1171 1157 Non
1197 1111 1379 1158 deerunt
1401 1125 1446 1159 et

181 1185 433 1250 frugalitatis
464 1187 636 1232 exaGtae
667 1184 892 1239 homines,
924 1200 966 1232 et
999 1184 1239 1231 laboriosae
1270 1189 1445 1247 operae.

180 1260 326 1305 Tanto
355 1257 527 1321 aptiora
555 1258 836 1320 exportandis
869 1257 1072 1304 oneribus
1106 1256 1224 1303 tarda
1254 1258 1444 1305 iumenta

179 1331 297 1388 sunt,
317 1347 447 1393 quam
465 1329 632 1376 nobiles
651 1329 752 1392 equi
774 1347 784 1375 :
806 1345 996 1391 quorum
1025 1328 1272 1393 generosam
1298 1332 1443 1391 perni-
1495 1320 1499 1322 -

178 1402 350 1449 citatem
381 1402 477 1465 quis
507 1417 699 1463 unquam
729 1401 850 1463 gravi
881 1400 1041 1447 sarcina
1072 1400 1243 1462 preffit?
1279 1402 1439 1465 Cogita

179 1491 422 1538 praeterea,
448 1486 660 1536 quantum
690 1472 990 1520 sollicitudinis
1019 1472 1094 1527 fit,
1123 1472 1177 1517 ad
1209 1484 1368 1519 tantam
1400 1486 1442 1521 te

178 1550 342 1596 molem
370 1548 578 1595 obiicere.
607 1565 703 1595 cum
726 1559 877 1593 ventre
896 1547 1086 1593 humano
1115 1544 1194 1591 tibi
1217 1547 1440 1610 negotium

177 1623 238 1669 est
260 1641 270 1669 :
292 1640 373 1669 nec
396 1622 609 1669 rationem
633 1622 819 1683 patitur,
848 1640 927 1669 nec
952 1621 1162 1683 aequitate
1187 1621 1410 1684 mitigatur
1428 1657 1441 1679 ‚

165 1705 257 1741 'nec
279 1694 360 1741 ulla
388 1711 516 1755 prece
535 1694 719 1741 flectitur
738 1695 923 1756 populus
942 1695 1142 1741 esuriens.
1169 1694 1310 1739 Modo
1330 1694 1439 1740 intra

177 1781 341 1829 paucos
359 1765 460 1811 illos
480 1765 591 1821 dies,
610 1765 766 1828 quibus
785 1767 836 1811 C.
858 1766 1013 1811 Caesar
1034 1765 1161 1827 periit
1176 1799 1189 1820 ‚
1210 1766 1239 1810 fi
1256 1767 1350 1827 quis
1370 1766 1439 1812 in-

177 1837 278 1884 feris
294 1835 433 1883 sensus
453 1836 512 1881 est
528 1871 541 1893 ,
559 1837 645 1882 hoc
666 1835 909 1899 graviffime
927 1836 1066 1883 ferens
1079 1872 1091 1894 ‚
1111 1839 1230 1899 quod
1251 1837 1439 1883 decede·

178 1911 250 1957 bat
266 1910 433 1972 populo
453 1911 659 1956 Romano
673 1909 914 1970 superstite,
931 1910 1087 1971 septem
1108 1926 1180 1957 aut
1196 1911 1300 1957 osto
1323 1922 1439 1956 certe

177 1980 343 2026 dierum
374 1979 535 2027 cibaria
560 1980 802 2043 superesse?
835 1983 938 2026 dum
970 1982 1037 2027 ille
1074 1993 1226 2044 pontes
1256 1982 1440 2028 navibus

175 2052 338 2115 iungit,
355 2067 398 2099 et
417 2052 583 2100 viribus
603 2053 773 2115 imperii
794 2053 900 2099 ludit
917 2089 928 2108 ‚
949 2053 1093 2098 aderat
1117 2054 1321 2099 ultimum
1344 2070 1438 2098 ma-

176 2124 318 2170 lorum
338 2123 513 2170 obseffis
534 2140 740 2187 quoque,
767 2124 1073 2172 alimentorum
1100 2125 1272 2188 egestas.
1290 2125 1439 2172 Exitio

176 2212 314 2260 paene
335 2212 384 2243 ac
403 2196 516 2246 fame
536 2197 727 2245 constitit
741 2234 753 2256 ‚
781 2199 953 2262 et'quae
978 2198 1134 2245 famem
1155 2198 1345 2260 sequitur
1365 2215 1438 2245 re·

176 2285 273 2314 rum
292 2268 490 2315 omnium
509 2270 654 2327 ruina,
683 2270 831 2316 furiosi
847 2306 860 2327 ‚
880 2282 922 2316 et
939 2271 1133 2328 externi,
1153 2282 1194 2316 et
1212 2269 1439 2316 infeliciter

174 2340 346 2403 superbi
369 2342 481 2404 regis
504 2342 703 2390 imitatio.
743 2345 888 2404 Quem
921 2356 1026 2390 tunc
1056 2344 1244 2390 animum
1276 2342 1439 2388 habue-

176 2427 274 2459 runt
286 2413 349 2460 illi
364 2445 377 2468 ‚
400 2414 554 2477 quibus
574 2428 664 2462 erat
680 2416 879 2462 mandata
900 2416 1108 2463 frumenti
1127 2414 1289 2477 publici
1308 2419 1439 2461 cura?

179 2483 369 2544 ferrum,
391 2486 487 2535 saxa
502 2523 516 2548 ,
533 2488 676 2553 ignes,
695 2488 852 2537 Caium
869 2489 1121 2553 excepturi,
1137 2489 1301 2536 summa
1320 2487 1440 2542 disti-3

1060 2555 1095 2600 E
1126 2571 1158 2614 4
