1742 2967
265 164 354 210 228
523 165 571 210 L.
613 164 902 209 ANNAE1
947 164 1286 231 SENECAE

258 269 346 316 rius
369 267 462 316 est?
483 269 609 330 Quid
628 285 734 333 ergo
752 269 769 316 ?
787 269 956 317 Decius
975 284 1164 317 mortem
1184 271 1307 318 timet
1326 272 1343 318 ?
1364 267 1551 321 Mucius'

253 342 458 405 proditor
478 343 564 391 est?
619 343 830 391 Camillus
848 342 1073 390 desertor?
1091 344 1197 391 Non
1214 344 1302 392 hoc
1319 345 1506 394 dicimus
1523 382 1538 405 ‚

259 415 317 464 {ic
347 416 498 464 onmia
526 417 634 466 vitia
662 415 748 464 effe
771 416 817 464 in
843 416 1078 474 omnibus,
1101 418 1338 481 quomodo
1367 418 1412 464 in
1437 418 1537 483 qui-

258 491 440 539 busdam
457 490 617 555 lingula
636 492 831 540 eminent
849 509 860 539 :
880 492 950 539 sed
970 492 1134 539 malum
1155 509 1206 540 ac
1223 491 1398 539 stultum
1417 493 1538 541 nullo

255 563 368 611 vitio
394 579 562 611 vacare.
589 579 672 611 nec
696 564 906 611 audacem
932 563 1113 627 quidem
1143 564 1314 610 timoris
1346 564 1538 611 absolvi-

254 650 378 681 mus:
401 650 455 680 ne
474 629 712 698 prodigum
729 633 906 698 quidem
937 635 1119 681 avaritia
1136 634 1380 682 liberamus.
1403 636 1538 695 Quo-

255 706 396 753 modo
432 705 571 752 homo
601 721 758 752 omnes
786 705 930 752 sensus
961 706 1116 764 habet,
1152 723 1234 754 nec
1260 706 1362 753 ideo
1391 721 1538 753 tamen

253 792 408 824 omnes
418 776 620 824 homines
637 776 777 824 aciem
793 777 953 824 habent
967 780 1154 842 Lynceo
1166 778 1346 826 fimilem
1361 796 1372 824 ε
1389 778 1444 826 fic
1463 778 1539 841 qui

256 848 407 897 stultus
433 849 496 897 est
510 883 524 905 ‚
546 866 640 897 non
659 865 749 897 tam
767 851 882 898 acria
911 864 955 898 et
977 851 1195 898 concitata
1214 851 1346 898 habet
1362 851 1539 911 omnia,

252 938 385 986 quam
418 923 596 986 quidam
641 923 871 986 quaedam.
911 923 1079 971 Omnia
1111 923 1156 969 in
1190 923 1395 970 omnibus
1431 924 1549 989 vitia¹
1613 980 1625 981 Π

254 994 352 1042 sunt
370 1013 381 1042 :
403 996 477 1042 sed
496 1012 588 1043 non
606 996 758 1043 omnia
775 996 821 1043 in
841 996 1016 1060 fingulis
1031 996 1213 1044 exstant.·
1240 997 1370 1043 Hunc
1391 1009 1542 1044 natura

256 1140 346 1188 est:
370 1154 444 1187 aut
470 1141 501 1187 fi
521 1141 723 1188 nondum
743 1141 940 1200 deditus,
970 1140 1027 1187 ita
1053 1140 1291 1199 formatus,
1320 1153 1368 1188 ut
1384 1140 1429 1186 in
1453 1141 1542 1189 hoc

255 1212 377 1261 illum
401 1229 549 1262 mores
575 1214 639 1262 sui
658 1213 814 1262 ferant.
843 1217 992 1278 Itaque
1017 1229 1066 1262 ut
1085 1214 1142 1261 ad
1168 1214 1443 1277 propositum
1470 1231 1541 1262 re-

257 1302 404 1336 vertar
416 1323 430 1346 ,
450 1303 584 1335 nemo
603 1304 696 1335 non
720 1287 912 1352 ingratus
931 1286 992 1335 est
1007 1322 1020 1346 ‚
1039 1286 1116 1351 qui
1134 1288 1270 1334 malus
1287 1286 1348 1334 est
1368 1304 1379 1332 ε
1409 1286 1541 1334 habet

256 1361 373 1409 enim
393 1362 546 1409 omnia
563 1360 782 1427 nequitiae
807 1362 971 1409 semina
995 1374 1172 1408 :tamen
1198 1360 1374 1422 proprie
1393 1359 1542 1423 ingra-

256 1447 324 1482 tus
343 1435 609 1496 appellatur,
629 1433 708 1497 qui
732 1434 788 1481 ad
815 1434 904 1481 hoc
932 1433 1090 1483 vitium
1123 1433 1280 1495 vergit.
1312 1432 1413 1479 huic
1434 1448 1542 1495 ergo

258 1507 523 1556 beneficium
544 1523 636 1554 non
654 1507 784 1554 dabo.
805 1506 1058 1567 Quomodo
1075 1507 1186 1551 male
1207 1505 1319 1552 filiae
1336 1504 1542 1564 consulit,

258 1581 337 1645 qui
364 1581 484 1629 illam
512 1579 835 1628 contumelioso
862 1592 904 1626 et
932 1580 1055 1641 saepe
1081 1579 1315 1640 repudiato
1344 1578 1542 1627 colloca—

260 1655 326 1704 vit
357 1672 369 1702 :
402 1653 636 1718 quomodo
671 1652 808 1700 malus
840 1651 1148 1715 paterfamilias
1175 1650 1435 1709 habebitur,
1467 1651 1543 1715 qui

264 1728 542 1793 negotiorum
567 1725 790 1791 gestorum
816 1726 1026 1773 damnato
1042 1760 1056 1783 ‚
1091 1724 1348 1788 patrimonii
1370 1724 1433 1772 sui
1464 1741 1545 1773 cu-

260 1819 353 1849 ram
374 1800 647 1849 mandaverit
666 1816 679 1846 ε
697 1799 934 1862 quomodo
962 1798 1276 1846 dementissime
1297 1796 1544 1856 testabitur,

261 1875 339 1939 qui
357 1886 548 1921 tutorem
568 1871 664 1919 filio
681 1870 922 1933 reliquerit,
942 1869 1210 1933 pupillorum
1231 1869 1540 1931 spoliatorem:

262 1947 321 1994 fic
342 1946 520 2010 pessime
538 1942 750 1992 beneficia
770 1943 872 1989 dare
892 1943 1058 1990 dicetur
1077 1977 1092 2000 ,
1122 1941 1372 2004 quicunque
1399 1940 1543 2005 ingra-

262 2032 334 2067 tos
353 2016 501 2079 eligit,
527 2015 571 2061 in
591 2030 706 2078 quos
731 2013 920 2077 peritura
938 2012 1152 2061 conferat.

328 2090 541 2138 XXVlll.
559 2087 840 2150 Dii-quoque
856 2121 870 2144 ‚
896 2085 1066 2149 inquit,
1095 2085 1232 2133 multa
1259 2084 1440 2149 ingratis
1467 2085 1547 2133 tri.—

265 2165 419 2211 buunt.
440 2161 524 2208 Sed
549 2161 621 2206 illa
645 2158 774 2206 bonis
798 2173 1087 2221 paraverant:
1113 2158 1375 2221 contingunt
1401 2173 1545 2206 autem

260 2237 397 2284 etiam
419 2233 568 2289 malis,
590 2231 692 2296 quia
711 2231 899 2295 separari
918 2247 1011 2278 non
1028 2231 1217 2295 possunt.
1237 2230 1375 2278 Satius
1392 2229 1455 2278 est
1469 2247 1546 2278 au·-

267 2321 380 2365 tem,
405 2304 607 2369 prodefl'e
623 2305 754 2352 etiam
773 2305 896 2353 malis
915 2317 1096 2369 propter
1114 2305 1260 2352 bonos
1274 2339 1289 2362 ,
1314 2321 1445 2368 quam
1463 2305 1549 2352 bo-

268 2382 336 2427 nis
361 2380 502 2427 deeffe
518 2392 703 2443 propter
720 2380 870 2427 malos.
888 2381 950 2427 Ita
964 2415 979 2440 ,
999 2395 1112 2443 quae
1131 2378 1264 2426 refers
1277 2413 1292 2437 ‚
1306 2377 1428 2426 ’diem
1442 2412 1457 2437 ‚
1477 2377 1547 2425 so-

262 2450 353 2500 lem
371 2482 386 2507 ‚
413 2450 568 2498 hiemis
597 2449 851 2515 aestatisque
877 2449 1050 2507 cursus,
1079 2465 1122 2498 et
1147 2448 1291 2499 media
1324 2448 1442 2500 veris
1466 2466 1545 2503 aue

1730 1342 1739 1398 l

1724 1397 1738 1495 l

1723 1519 1737 1554 ’ἐ

1734 1559 1737 1575 ι
