1742 2967
336 112 433 176 DE
480 129 915 175 Remi-“icus
965 130 1245 203 L1B.vn.‘
1340 146 1428 193 3¹9

157 237 251 298 Ego
286 251 468 298 regnum
501 234 732 298 sapientiae
767 235 909 291 novi,
942 252 1180 298 magnum,
1218 235 1430 283 securum.

156 322 241 370 ego
272 307 328 355 fic
357 308 507 354 omnia
535 308 706 364 habeo,
738 322 786 354 ut
814 308 1012 354 omnium
1036 309 1131 355 (int.

221 382 301 428 XI.
339 383 489 443 Itaque
520 397 619 427 cum
644 382 696 428 C.
732 380 888 428 Caesar
915 381 972 426 illi
1001 381 1188 429 ducenta
1219 384 1430 440 donaret,

155 455 301 502 ridens
323 452 500 510 reiecit,
519 470 574 499 ne
595 454 768 516 dignam
792 454 969 516 quidem
990 454 1199 502 summam
1219 456 1432 513 iudicans,

155 546 241 594 qua
262 544 350 574 non
367 542 544 588 accepta
561 526 831 589 gloriaretur.
850 527 930 572 Dii
950 527 1156 590 deaeque,
1177 546 1305 592 quam
1328 549 1432 593 pau-

155 600 263 646 xillo
276 598 395 644 illum
415 597 608 642 animum
627 611 699 642 aut
718 598 933 642 honorare
955 599 1112 654 voluit,
1132 616 1205 647 aur
1223 617 1428 649 corrum-

154 670 286 736 pere!
311 663 600 717 Reddendum
621 670 796 733 egregio
826 671 923 717 viro
946 671 1239 719 testimonium
1265 675 1336 721 est.
1360 680 1429 723 ln-

153 760 327 810 gentem
351 762 442 791 rem
463 745 517 791 ab
543 745 618 790 illo
647 744 734 789 dici
759 743 939 799 audivi,
968 760 1063 789 cum
1089 746 1316 794 miraretur
1334 751 1429 797 Caii

155 820 445 876 dementiam,
474 818 597 878 quod
625 817 666 863 se
700 816 882 878 putasset
909 817 1014 863 tanti
1048 818 1168 878 posse
1200 827 1366 870 murari.
1386 826 1430 873 Si

155 904 350 951 tentare,
380 892 547 955 inquit,
569 908 638 938 me
665 891 947 938 constituerat
965 888 983 950 ,’
1002 907 1099 940 toto
1123 896 1182 942 illi
1211 896 1275 944 fui
1298 916 1429 964 expe-

152 965 330 1014 riendus
354 964 556 1028 imperio.

218 1038 316 1085 XII.
348 1037 538 1100 Sapienti
562 1054 668 1099 ergo
690 1038 844 1085 donari
869 1040 1031 1102 aliquid
1056 1039 1225 1102 potest,
1250 1043 1377 1091 etiam
1398 1045 1429 1092 fi

151 1110 352 1174 sapientis
368 1110 518 1157 omnia
543 1109 650 1157 sunt.
684 1127 819 1174 aeque
839 1112 945 1158 nihil
966 1114 1190 1174 prohibet,
1210 1133 1307 1162 cum
1331 1135 1429 1164 om-

151 1183 222 1229 nia
255 1182 404 1228 amicis
439 1181 633 1231 dicamus
661 1181 742 1229 effe
776 1184 1024 1230 communia
1043 1221 1056 1243 ‚
1088 1186 1251 1249 aliquid
1283 1190 1428 1237 amico

151 1255 323 1302 donari.
365 1256 472 1302 Non
503 1255 619 1301 enim
651 1256 756 1301 mihi
785 1257 840 1304 fic
868 1276 966 1306 cum
1002 1260 1147 1306 amico
1176 1265 1426 1312 communia

149 1329 270 1387 sunt,
303 1329 537 1391 quomodo
566 1345 665 1375 cum
700 1330 848 1390 socio,
877 1327 944 1378 ut*
959 1351 1057 1395 pars
1092 1352 1188 1380 mea
1216 1336 1290 1394 fit,
1328 1355 1427 1400 pars

149 1400 263 1449 illius
289 1420 300 1447 :
327 1402 396 1448 sed
427 1402 658 1466 quomodo
698 1404 805 1465 patri
839 1407 1051 1469 matrique
1082 1425 1338 1457 communes
1365 1411 1423 1457 li-

134 1473 243 1534 ‘beri
275 1474 395 1522 sunt:
416 1475 572 1539 quibus
597 1491 696 1522 cum
719 1476 807 1522 duo
837 1476 956 1535 sunt,
985 1496 1075 1525 non
1103 1479 1255 1544 singuli
1281 1482 1426 1547 fingu-

149 1548 216 1595 los
235 1549 421 1606 habent,
445 1549 517 1596 sed
542 1548 692 1611 singuli
720 1549 860 1598 binos.
893 1551 1086 1598 Primum
1114 1553 1312 1600 omnium
1338 1556 1425 1604 iam

148 1622 359 1681 efficiam,
385 1639 432 1670 ut
462 1623 658 1686 quisquis
686 1622 746 1669 est
771 1623 871 1683 iste,
898 1625 971 1687 qui
993 1628 1073 1672 ‘me
1099 1625 1144 1672 in
1173 1626 1425 1676 societatem

148 1710 310 1756 vocat,
333 1698 434 1745 sciat
453 1699 495 1746 se
522 1697 628 1745 nihil
647 1714 819 1744 mecum
848 1699 1007 1746 habere
1027 1716 1277 1748 commune.
1295 1704 1424 1762 Qua-

147 1774 228 1816 re?
259 1772 362 1834 quia
381 1773 470 1819 hoc
495 1771 766 1819 consortium
794 1770 931 1817 solum
960 1771 1073 1818 inter
1103 1772 1313 1835 sapientes
1339 1775 1425 1833 est,

145 1841 259 1890 inter
282 1860 396 1907 quos
422 1843 609 1891 amicitia
631 1841 705 1889 est.
728 1843 857 1890 ceteri
877 1860 970 1890 non
996 1843 1132 1906 magis
1152 1845 1281 1892 amici
1304 1846 1422 1904 sunt,

145 1931 280 1976 quam
314 1916 432 1964 socii.
457 1916 635 1963 Deinde
660 1915 853 1976 pluribus
876 1915 1018 1962 modis
1044 1917 1295 1963 communia
1312 1918 1421 1968 sunt.

144 1988 370 2049 Equestria
406 1988 605 2036 omnium
636 1987 836 2050 >equitum
880 1990 1185 2035 Romanorum
1222 1990 1347 2036 sunt:
1376 1991 1424 2038 in

143 2059 226 2108 illis
254 2076 399 2109 tamen
431 2063 556 2114 locus
584 2078 703 2108 meus
723 2060 771 2107 fit
805 2063 1035 2123 proprius,
1067 2079 1196 2124 quem
1227 2079 1422 2126 occupa-

145 2132 208 2181 vi.
225 2135 313 2182 hoc
334 2136 365 2182 fi
381 2135 454 2183 cui
481 2135 579 2182 ceffi
595 2170 608 2193 ,
638 2134 838 2197 quamvis
867 2135 929 2180 illi
959 2135 1185 2181 communi
1216 2152 1262 2182 re
1287 2137 1423 2184 cesse-

143 2205 253 2264 rim,
283 2220 432 2254 tamen
454 2207 614 2271 aliquid
647 2206 807 2253 dedisse
839 2205 1010 2252 videor.
1043 2207 1270 2265 Quaedam
1301 2225 1420 2271 quo-

146 2281 329 2326 rundam
359 2280 436 2326 sub
468 2292 582 2327 certa
611 2278 868 2324 conditione
893 2277 999 2324 sunt.
1032 2278 1173 2325 habeo
1209 2280 1254 2326 in
1286 2298 1423 2345 eque-

145 2349 301 2399 stribus
319 2353 469 2400 locum
485 2389 499 2412 ‚
527 2369 619 2398 non
645 2363 690 2397 ut
716 2351 902 2397 vendam
921 2387 934 2408 ,
958 2368 1049 2397 non
1070 2366 1117 2403 ut
1139 2353 1306 2411 locem,
1329 2372 1421 2403 non

143 2435 192 2472 ut
215 2424 438 2474 habitem:
467 2426 512 2473 in
539 2426 624 2473 hoc
648 2438 842 2485 tantum,
873 2437 922 2471 ut
947 2424 1147 2488 speeiem.
1186 2429 1423 2490 Propterea
