1742 2967
422 178 558 247 'DE
605 190 797 235 vt‘rA
854 190 1121 237 ΒΕΑ-ΓΑ.
1183 225 1185 227 r
1356 208 1415 256 93

156 294 235 360 qui
258 293 487 342 bestiarum
515 296 671 342 cubilia
700 296 896 360 indagat,
916 309 959 344 et
1151 301 1293 358 laqueo
1317 318 1418 360 cap-

154 387 238 417 tare
263 370 382 428 feras
417 386 578 432 magno
607 369 826 427 aestimat,
853 386 896 417 et
1099 390 1273 433 magnos
1298 377 1419 419 cani-

156 445 231 487 hus
265 445 507 487 circumdare
525 442 664 502 stzltus
690 477 704 499 ‚
731 454 778 488 ut
805 442 970 488 illarum
1001 442 1181 505 vestigia
1216 455 1384 504 premat
1402 478 1420 499 ,

155 513 332 576 potiora
358 513 528 570 deserit,
552 513 783 577 multisque
808 513 961 560 officiis
984 514 1226 560 renuntiat:
1252 514 1312 561 ita
1341 515 1418 576 qui

154 584 335 631 seetamr
364 584 636 646 voluptatem
656 621 669 643 ‚
701 586 849 631 omnia
881 584 1137 647 postponit:
1165 598 1208 632 et
1232 584 1419 647 primam

153 656 394 703 libertatem
413 656 613 720 negligit,
631 673 680 703 ac
699 673 782 718 pro
806 669 959 703 ventre
979 656 1184 717 dependit
1202 673 1213 701 ε
1235 672 1314 703 nec
1334 671 1420 703 vo·

153 728 336 791 luptates
366 727 441 773 fibi
472 729 598 785 emit,
624 728 694 774 sed
727 728 768 774 se
790 727 1090 789 voluptatibus
1112 727 1276 774 vendit.

216 802 322 848 XV.
350 801 471 860 Quid
492 813 637 846 tamen
653 836 666 857 ‚
684 799 848 862 inquit,
880 799 1082 861 prohibet
1104 800 1147 844 in
1172 816 1304 845 unum
1326 799 1421 847 vir-i

152 885 287 921 tutem
316 875 672 937 voluptatemque
705 872 950 930 confundi,
982 884 1024 920 et
1058 872 1170 918 effici
1201 872 1419 920 summum

151 949 317 995 bonum
333 984 344 1006 ,
361 961 407 994 ut
432 948 550 994 idem
571 960 614 994 et
634 947 862 994 honestum
882 960 924 993 et
943 946 1180 992 iucundum
1202 946 1280 993 fit?
1301 947 1420 1006 Quia

151 1038 249 1083 pars
278 1021 446 1068 honesti
480 1038 569 1067 non
601 1021 740 1082 potest
771 1019 853 1067 effe
872 1055 886 1077 ,
924 1018 1001 1065 nifi
1034 1017 1262 1064 honestum
1296 1036 1308 1064 :
1337 1035 1420 1066 nee

151 1094 365 1139 summum
395 1094 561 1140 bonum
596 1093 769 1139 habebit
797 1090 1080 1139 sinceritatem
1107 1091 1251 1149 suam,
1276 1090 1306 1136 fi
1338 1091 1419 1138 ali-

151 1166 257 1229 quid
288 1166 332 1211 in
365 1166 406 1212 se
435 1166 592 1212 viderit
621 1165 817 1212 diffimile
851 1163 1036 1210 meliori.
1079 1165 1174 1208 Nec
1213 1163 1419 1226 gaudium

151 1239 333 1300 quidem
359 1238 481 1300 quod
507 1254 561 1283 ex
589 1238 746 1284 virtute
764 1237 924 1293 oritur,
941 1235 1140 1298 quamvis
1165 1234 1333 1282 bonum
1353 1235 1421 1296 fit,

151 1311 336 1358 absoluti
367 1327 513 1358 tamen
536 1312 642 1356 boni
672 1327 769 1372 pars
791 1307 852 1354 est
869 1326 880 1354 ε
900 1325 990 1354 non
1019 1307 1152 1369 magis
1172 1324 1303 1370 quam
1332 1309 1421 1357 lae-

148 1384 242 1431 titia
271 1399 314 1431 et
342 1384 650 1447 tranquillitas,
677 1382 876 1446 quamvis
905 1398 958 1427 ex
985 1379 1286 1443 pulcherrimis
1316 1399 1418 1429 cau-

149 1456 202 1502 fis
222 1456 458 1503 nascantur.
498 1457 601 1503 Sunt
627 1455 742 1502 enim
770 1453 846 1499 ista
875 1454 989 1499 bona
1006 1487 1019 1510 ,
1046 1452 1119 1498 sed
1142 1452 1419 1516 consequen-

148 1529 207 1575 tia
235 1527 452 1575 summum
480 1529 668 1585 bonum,
696 1543 787 1573 non
814 1525 1173 1573 consummantia.
1212 1526 1304 1584 Qui
1334 1543 1418 1574 ve-

148 1619 201 1648 ro
222 1603 459 1665 voluptatis
489 1602 747 1664 virtutisque
774 1599 1021 1645 societatem
1054 1597 1183 1654 facit,
1210 1614 1253 1644 et
1280 1616 1336 1646 ne
1363 1617 1418 1646 ex

148 1692 292 1738 aequo
313 1675 489 1738 quidem
505 1709 518 1731 ‚
545 1673 770 1735 fragilitate
796 1673 965 1718 alterius
990 1671 1119 1728 boni,
1139 1669 1352 1733 quidquid
1371 1671 1418 1718 in

147 1746 284 1794 altero
312 1745 477 1809 vigoris
501 1746 585 1802 est,
623 1746 792 1792 hebetat
815 1781 828 1801 ‚
855 1745 1182 1806 libertatemque
1212 1744 1326 1790 illam
1356 1746 1417 1793 ita

148 1820 348 1877 demum,
377 1820 406 1866 fi
437 1819 542 1865 nihil
567 1818 607 1864 se
638 1816 864 1880 pretiosius
889 1816 1044 1873 novit,
1073 1816 1307 1873 invifiam,
1335 1817 1415 1864 sub

145 1888 295 1953 iugum
321 1890 466 1936 mittit.
503 1892 615 1936 Nam
639 1888 778 1953 (quae
807 1888 996 1934 maxima
1020 1887 1200 1934 servitus
1232 1887 1322 1951 est)
1343 1889 1415 1934 in-

147 1965 255 2026 cipit
273 1965 333 2011 illi
359 1981 471 2027 opus
494 1964 578 2011 effe
607 1963 792 2010 fortuna.
835 1961 1026 2024 sequitur
1052 1960 1141 2007 vita
1168 1961 1292 2007 anxia
1306 1996 1321 2018 ,
1345 1962 1419 2008 su-

145 2037 349 2099 spiciosa,
374 2039 563 2100 trepida,
589 2037 760 2084 casuum
782 2051 967 2098 pavens,
990 2046 1328 2096 temporumque
1349 2036 1415 2081 su-

147 2110 292 2172 spensa
312 2113 558 2159 momentis.
577 2113 682 2158 Non
703 2111 774 2157 das
795 2111 943 2157 virtuti
967 2109 1295 2154 fundamentum
1316 2126 1414 2170 gra-

145 2199 226 2238 ve,
249 2183 501 2242 immobile,
524 2183 596 2230 sed
617 2183 736 2229 iubes
756 2183 871 2227 illam
897 2182 942 2227 in
968 2182 1072 2228 loco
1093 2181 1275 2228 voiubili
1293 2181 1413 2229 stare.

147 2258 267 2318 Quid
288 2271 428 2304 autem
450 2270 535 2304 tam
558 2257 755 2304 volubile
774 2255 832 2302 est
846 2291 860 2312 ‚
880 2272 1008 2317 quam
1030 2254 1317 2300 fortuitorum
1337 2273 1411 2302 ex·-

146 2331 348 2394 spe&ati0
370 2349 380 2375 :
402 2347 444 2378 et
466 2331 681 2393 corporis,
697 2345 928 2389 rerumque
948 2343 1112 2389 corpus
1132 2327 1410 2374 afficientium

144 2404 359 2452 varietas?
381 2405 627 2464 Quomodo
648 2404 718 2449 hic
738 2401 877 2464 potest
897 2404 1003 2447 Deo
1025 2417 1172 2462 parere
1187 2436 1199 2456 ,
1222 2413 1264 2446 et
1281 2401 1410 2463 quid-

144 2479 253 2541 quid
271 2479 419 2528 evenit
428 2513 442 2535 ‚
469 2478 592 2525 bono
610 2476 760 2543 animo
776 2475 1002 2538 excipere,
1021 2491 1102 2522 nec
1125 2474 1177 2520 de
1197 2472 1289 2520 fato
1307 2491 1411 2538 que-
