1742 2967
367 200 469 247 DE
519 201 961 248 aimericus
1003 205 1136 251 ma.
1172 209 1227 252 v.
1337 221 1424 271 253

159 305 480 370 pulcherrima,
511 306 918 365 summae‘virtutiffi
951 310 1028 356 nifi
1056 327 1156 357 cum
1182 314 1318 360 altero
1339 331 1430 360 non

158 381 319 428 habent
343 381 508 428 locum.
545 381 790 439 Laudatur,
817 395 860 428 et
889 383 1002 430 inter
1033 384 1222 431 maxima
1252 387 1428 434 humani

159 452 329 516 generis
364 454 506 510 bona,
539 452 648 500 fides
677 453 848 501 colitur.
872 471 977 501 num
1008 455 1106 520 quis
1136 472 1241 521 ergo
1272 458 1429 506 dicitur

157 525 234 572 fibi
260 525 392 574 fidem
420 525 700 588 praestitisse?

221 600 301 646 XI.
344 599 494 647 Venio
525 616 640 647 nunc
673 601 727 646 ad
757 600 952 648 ultimam
987 615 1169 665 partem.
1206 604 1297 665 Qui
1328 623 1427 669 gra-

153 675 259 723 tiam
281 675 439 732 refert,
468 674 631 739 aliquid
652 676 783 723 debet
806 677 1089 740 impendere,
1110 679 1216 726 ficut
1244 680 1316 743 qui
1344 682 1427 728 sol·

153 747 221 795 vit
251 746 480 810 pecuniam
513 765 524 795 ε
559 747 664 794 nihil
692 760 835 795 autem
868 748 1111 812 impendit,
1145 750 1220 814 qui
1245 752 1427 814 gratiam

152 819 229 866 fibi
255 819 388 867 refert
404 855 418 877 ,
440 835 532 866 non
557 820 691 883 magis
712 837 842 884 quam
871 822 1172 886 consequitur,
1192 824 1266 887 qui
1296 825 1428 872 bene-

153 891 300 940 ficium
334 909 357 939 a
382 892 425 939 se
458 893 638 955 accepit.
678 892 944 940 Beneficium
973 906 1016 939 et
1048 894 1206 957 gratiae
1242 895 1393 942 relatio
1413 933 1429 956 ,

150 967 268 1013 ultro
288 967 489 1030 citroque
508 967 570 1014 ire
588 967 748 1014 debent
768 985 778 1014 ε
806 967 916 1013 intra
935 985 1069 1013 unum
1089 969 1313 1016 hominem
1333 987 1425 1018 non

150 1040 210 1087 est
246 1041 510 1089 viciffitudo.
548 1041 640 1101 Qui
676 1058 784 1105 ergo
819 1041 998 1105 gratiam
1029 1041 1182 1103 refert,
1230 1043 1425 1092 invicem

149 1112 327 1175 prodest
356 1113 422 1167 ei,
453 1130 477 1159 a
511 1130 603 1176 quo
635 1113 892 1160 consecutus
924 1112 984 1160 est
1019 1114 1213 1177 aliquid:
1243 1116 1318 1180 qui
1347 1116 1426 1164 fibi

146 1186 325 1249 gratiam
355 1186 518 1243 refert,
547 1187 616 1233 cui
644 1186 854 1249 prodest?
880 1186 969 1234 fibi.
1008 1189 1062 1233 Et
1094 1189 1191 1252 quis
1215 1207 1304 1236 non
1337 1193 1424 1237 alio

146 1258 250 1305 loco
290 1258 545 1306 relationem
577 1260 764 1322 gratiae,
797 1260 882 1306 alio
915 1259 1186 1312 beneficium,
1215 1263 1421 1326 cogitat?

146 1331 239 1393 Qui
259 1332 438 1396 gratiam
462 1332 538 1379 fibi
556 1331 689 1380 refert
705 1369 718 1390 ,
738 1333 814 1378 fibi
836 1333 1024 1395 prodest.
1044 1347 1086 1381 et
1107 1336 1203 1398 quis
1225 1354 1419 1399 unquam

144 1403 338 1468 ingratus
356 1405 444 1453 hoc
473 1405 613 1452 noluit
637 1404 812 1452 facere?
834 1406 975 1453 immo
1003 1407 1098 1470 quis
1117 1424 1206 1453 non
1231 1408 1422 1471 ingratus

144 1476 244 1534 fuit,
260 1490 308 1524 ut
322 1478 409 1524 hoc
422 1477 613 1525 faceret?
632 1478 671 1524 Si
687 1478 840 1541 gratias
855 1478 1034 1542 ,inquit‚
1051 1481 1179 1527 nobis
1199 1496 1324 1544 agere
1342 1482 1422 1528 de-

144 1549 320 1606 bemus,
337 1560 380 1594 et
408 1549 590 1611 gratiam
619 1548 780 1594 referre
801 1548 1023 1595 debemus.
1054 1549 1256 1596 Dicimus
1277 1563 1421 1599 autem

145 1616 247 1685 Ag'o
276 1621 432 1685 gratias
458 1621 600 1675 mihi,
629 1622 752 1685 quod
779 1621 895 1667 illam
920 1637 1104 1667 uxorem
1131 1620 1255 1667 nolui
1288 1623 1421 1669 duce—

143 1712 218 1749 re,
249 1707 292 1741 et
315 1711 418 1741 cum
441 1694 519 1739 illo
545 1710 636 1740 non
662 1694 860 1740 contraxi
893 1693 1158 1740 societatem.
1185 1694 1299 1740 Cum
1332 1696 1420 1743 hoc

144 1769 329 1816 dicimus
345 1805 358 1827 ,
380 1769 605 1814 laudamus
624 1784 704 1814 nos
726 1785 736 1813 ε
762 1781 806 1814 et
824 1780 871 1813 ut
892 1767 1048 1814 factum
1071 1768 1265 1814 nostrum
1291 1785 1420 1815 com-

143 1843 380 1906 probemus
397 1877 408 1899 ,
426 1842 583 1905 gratias
606 1839 825 1903 agentium
842 1839 989 1887 verbis
1016 1840 1247 1888 abutimur.
1280 1843 1419 1888 Bene-

143 1916 292 1963 ficium
318 1916 378 1963 est
401 1915 523 1978 quod
549 1914 691 1977 potest
707 1949 720 1971 ‚
746 1925 789 1959 et
808 1928 909 1960 cum
929 1913 1077 1959 datum
1103 1912 1186 1971 est,
1210 1930 1300 1960 non
1323 1915 1420 1961 red-

141 1989 219 2036 di:
250 1989 329 2053 qui
362 1988 439 2035 fibi
467 1986 730 2034 beneficium
760 1987 858 2043 dat,
891 2001 984 2031 non
1013 1984 1153 2048 potest
1185 2002 1277 2031 non
1305 1987 1420 2033 reci-

141 2078 270 2123 pere,
306 2061 428 2125 quod
460 2060 579 2107 dedit
605 2077 616 2106 z
642 2074 748 2121 ergo
780 2074 872 2104 non
903 2057 962 2104 est
989 2057 1263 2105 beneficium.
1311 2059 1418 2105 Alio

139 2148 341 2196 tempore
371 2131 632 2179 beneficium
654 2132 894 2193 accipitur,
918 2131 1003 2177 alio
1033 2132 1236 2178 redditur.
1272 2133 1320 2176 In
1341 2132 1417 2176 be-

140 2206 303 2253 neficio
331 2206 420 2252 hoc
451 2205 512 2253 est
541 2204 767 2267 probabile
787 2240 801 2261 ‚
833 2218 877 2250 et
908 2203 1220 2266 suspiciendum
1242 2238 1257 2259 ,
1291 2205 1416 2266 quod

139 2278 262 2325 alteri
287 2290 336 2324 ut
361 2277 514 2340 aliquis
540 2276 778 2338 prodesset,
800 2276 991 2324 utilitatis
1018 2276 1191 2322 interim
1219 2278 1314 2322 suae
1333 2277 1417 2322 ob-

133 2352 238 2407 litus
264 2351 355 2397 est:
379 2351 501 2413 quod
527 2350 648 2397 alteri
679 2350 826 2404 dedit,
848 2350 1063 2397 ablaturus
1089 2349 1177 2396 fibi.
1208 2350 1294 2397 hoc
1325 2366 1416 2397 non

127 2424 270 2480 facit,
291 2423 367 2487 qui
384 2421 643 2471 beneficium
671 2423 747 2469 fibi
775 2424 859 2469 dat.
881 2422 1144 2469 Beneficium
1179 2423 1309 2479 dare,
1341 2423 1415 2468 so·-

100 2491 102 2493 ’
134 2499 254 2547 cialis
292 2515 361 2546 res
388 2497 449 2546 est
468 2528 483 2555 ,
510 2496 697 2562 aliquem
736 2497 968 2558 conciliat,
995 2497 1184 2562 aliquem
1214 2497 1415 2561 obligat:
