1742 2967
247 155 338 216 318
491 154 539 200 L.
592 153 893 200 ANNAEI
942 137 1285 200 SENECAE

244 261 402 323 piditas
420 261 563 309 nostra
584 261 753 325 caligat.
775 263 834 309 At
852 262 1098 310 mehercule
1118 275 1247 320 terra,
1263 278 1375 326 quae
1395 262 1522 321 quid-

243 335 351 397 quid
377 337 481 384 utile
511 336 706 384 futurum
741 336 868 383 nobis
896 351 988 384 erat
1017 336 1226 399 protulit,
1257 336 1333 383 ista
1356 335 1525 382 defodit

243 421 287 454 et
318 409 491 466 mersit,
531 422 574 455 et
603 421 651 455 ut
689 410 834 456 noxiis
866 410 993 457 rebus
1019 427 1068 456 ac
1103 409 1218 456 malo
1255 410 1449 472 gentium
1481 409 1525 455 in

240 479 433 525 medium
461 478 731 542 prodituris,
769 492 867 526 toto
896 482 1094 542 pondere
1125 480 1333 528 incubuit.
1376 481 1523 527 Video

240 551 405 598 ferrum
431 569 484 598 ex
510 552 664 598 iisdem
685 551 874 598 tenebris
903 551 988 598 effe
1008 553 1226 615 prolatum
1241 589 1253 609 ‚
1275 552 1431 616 quibus
1451 568 1523 597 au-

241 641 339 671 rum
371 637 413 670 et
440 636 667 687 argentum
699 643 709 669 ε
746 641 802 670 ne
840 636 910 670 aut
938 624 1268 671 instrumentum
1297 625 1339 670 in
1373 623 1524 671 caedes

239 707 410 745 mutuas
428 695 618 752 deesset,
640 705 714 741 aut
741 695 946 756 pretium.
986 696 1040 741 Et
1061 695 1202 741 adhuc
1228 695 1304 741 ista
1332 696 1521 758 aliquam

237 767 466 815 materiam
486 766 644 813 habent
664 783 681 817 ε,
701 765 762 811 est
781 766 825 811 in
848 783 940 829 quo
959 782 1154 812 eri-orem
1177 760 1412 812 oculorum
1435 766 1524 812 ani-

237 858 333 887 mus
359 839 559 903 subsequi
582 839 713 903 poffit
734 840 899 885 :video
932 838 1024 884 istic
1045 839 1311 901 diplomata,
1341 850 1384 884 et
1413 838 1520 901 syn·

236 913 456 977 graphas,
493 924 536 959 et
572 911 828 967 cautiones,
865 927 1003 958 vacua
1042 905 1228 956 hab'endi
1269 911 1517 966 simulacra,

236 989 412 1035 umbras
444 986 653 1050 quasdam
681 984 888 1032 avaritiae
919 984 1156 1030 laborantis
1175 1019 1188 1039 ‚
1214 1001 1292 1045 per
1312 1000 1417 1046 quas
1446 984 1519 1031 de·

236 1065 430 1128 cipiant
419 1064 629 1120 animum,
650 1062 846 1109 inanium
864 1061 1077 1124 opinione
1098 1061 1375 1123 gaudentem.
1395 1059 1519 1120 Quid

233 1140 348 1185 enim
371 1137 446 1184 ista
468 1137 590 1183 sunt
583 1142 597 1171 ²
629 1136 731 1199 quid
753 1134 937 1192 foenus,
954 1148 995 1180 et
1011 1134 1338 1190 kalendarium
1356 1146 1399 1179 et
1418 1134 1514 1180 usu

196 1204 299 1265 ''ra,
327 1209 403 1255 nifi
428 1208 641 1254 humanae
676 1205 927 1269 cupiditatis
951 1219 1074 1252 extra
1104 1220 1176 1251 nat
1179 1222 1298 1251 uram
1332 1205 1517 1267 quaesita

235 1282 450 1329 uomina?
483 1281 661 1328 Poffum
691 1280 745 1325 de
774 1295 920 1325 rerum
948 1291 1096 1324 natura
1123 1279 1275 1341 queri,
1305 1279 1424 1341 quod
1445 1295 1518 1324 au-

232 1376 329 1405 rum
366 1368 684 1421 argentumque
717 1370 809 1399 non
839 1353 1021 1398 interius
1054 1352 1361 1405 absconderit,
1394 1352 1516 1414 quod

235 1449 324 1478 non
350 1431 432 1477 illis
456 1430 625 1486 maius,
654 1444 783 1492 quam
816 1427 939 1489 quod
967 1426 1132 1472 detrahi
1155 1426 1320 1488 postet,
1345 1426 1517 1487 pondus

235 1503 446 1551 iniecerit.
478 1501 602 1562 Quid
629 1501 724 1547 sunt
743 1499 846 1546 istae
867 1499 1064 1552 tabulae,
1087 1500 1193 1562 quid
1219 1499 1516 1560 computatio-

235 1595 310 1625 nes
328 1615 341 1636 ,
378 1590 421 1624 et
444 1576 623 1624 vaenale
651 1590 825 1636 tempus
841 1609 854 1629 ,
882 1589 926 1619 et
960 1573 1315 1637 sanguinolentae
1335 1572 1516 1619 centesi-

233 1652 361 1698 mae?
393 1648 636 1697 voluntaria
672 1649 783 1693 mala
808 1664 860 1693 ex
892 1648 1206 1693 constitutione
1233 1645 1376 1691 nostra
1406 1661 1515 1706 pen-

232 1724 398 1780 dentia,
416 1723 461 1768 in
478 1721 635 1785 quibus
655 1720 761 1766 nihil
782 1719 862 1777 est,
886 1721 1009 1782 quod
1030 1719 1184 1765 subiici
1204 1718 1342 1765 oculis
1357 1751 1370 1773 ‚
1393 1719 1515 1781 quod

231 1797 374 1844 teneri
397 1812 528 1842 manu
559 1794 689 1857 poffit
708 1830 721 1849 ,
749 1793 886 1840 inanis
918 1794 1124 1839 avaritiae
1156 1794 1337 1839 somnia.
1368 1794 1413 1838 O
1435 1791 1514 1837 mi-

230 1872 337 1918 seru
330 1887 400 1925 .‚·n
418 1869 447 1914 fi
467 1886 598 1933 quem
618 1868 797 1914 delectat
827 1866 887 1912 sui
910 1867 1162 1930 patrimonii
1178 1868 1286 1912 liber
1306 1882 1483 1928 magnus
1500 1900 1513 1924 ,

230 1956 274 1990 et
297 1943 416 1990 vasta
440 1942 572 2005 spatia
596 1955 810 1999 terrarum
837 1940 1020 1987 colenda
1045 1956 1123 2002 per
1150 1938 1349 1993 vinctos,
1369 1951 1410 1983 et
1429 1939 1513 1984 im-

232 2017 367 2063 mensi
392 2031 543 2079 greges
562 2030 772 2077 pecorum
804 2030 881 2074 per
912 2012 1164 2075 provincias
1184 2028 1233 2058 ac
1263 2004 1397 2073 regua
1416 2010 1511 2073 pas·

232 2089 386 2146 cendi,
407 2100 450 2135 et
475 2086 639 2132 familia
670 2084 882 2132 bellicosis
906 2084 1154 2130 nationibus
1179 2083 1403 2136 maior‚e
1381 2096 1514 2128 etae-

233 2163 376 2209 dificia
406 2162 576 2224 privata
596 2160 815 2206 laxitatem.
842 2159 1020 2205 urbium
1053 2174 1306 2221 magnarum
1327 2150 1512 2204 vincen-

229 2236 310 2281 tia!
341 2236 455 2281 Cum
488 2235 598 2280 bene
633 2232 735 2289 ista,
769 2248 847 2294 pet·
882 2248 992 2295 quae
1024 2231 1199 2278 divitias
1236 2229 1329 2276 suas
1358 2229 1512 2291 dispo-

230 2307 310 2354 tuit
337 2324 387 2353 ac
415 2305 565 2363 fudit,
596 2305 983 2368 circumspexerit,
1016 2301 1335 2365 superbumque
1364 2301 1405 2347 se
1438 2299 1510 2346 fe—

229 2381 364 2440 cerit,
393 2381 432 2425 fi
450 2379 662 2442 quidquid
695 2378 853 2436 habet,
879 2377 920 2424 ei
946 2377 1069 2440 quod
1098 2378 1216 2438 cupit
1249 2386 1508 2436 comparet,

228 2471 394 2518 pauper
424 2453 499 2504 est.
529 2454 718 2502 Dimitte
747 2468 844 2513 me,
873 2464 918 2501 et
942 2451 1022 2500 illis
1041 2450 1208 2501 divitiis
1227 2450 1335 2497 meis
1359 2448 1510 2498 redde.
