1742 2967
279 167 282 171 ’
343 187 444 234 DE
494 186 917 233 emericus
973 153 1225 235 Lisssiv.
1339 207 1429 252 237

147 294 267 357 ginta
284 292 478 356 impensa
495 292 566 340 sua
591 295 791 352 curavit,
817 294 995 350 refecit,
1022 295 1187 342 viatico
1206 296 1429 353 instruxit,

147 365 326 412 subinde
346 365 564 412 dicentem
585 383 595 412 :
617 367 816 413 Gratiam
834 367 913 414 tibi
931 368 1140 415 referam:
1163 368 1313 417 videre
1334 382 1430 417 tan-

147 451 240 485 tum
275 437 384 485 mihi
409 436 722 499 imperatorem
754 455 902 485 meum
934 440 1172 504 contingat.
1220 440 1430 490 Narravit

152 512 358 575 Philippo
375 510 648 574 naufragium
673 510 820 567 suum,
847 512 1053 559 auxilium
1075 512 1240 572 tacuit,
1260 527 1305 561 et
1326 531 1433 578 pro-

149 585 263 632 tinus
295 583 447 648 petiit,
475 596 525 631 ut
549 583 627 630 fibi
659 584 833 648 praedia
868 584 1096 632 cuiusdam
1128 586 1327 633 donaret.
1360 587 1434 634 Ille

152 660 332 723 quidam
351 675 442 707 erat
453 658 610 722 hospes
627 660 740 717 eius,
760 659 795 707 is
814 659 904 723 ipse
917 696 932 720 ‚
952 676 977 706 a
996 676 1089 724 quo
1104 673 1304 724 receptus
1323 675 1435 722 erat,

150 747 175 778 a
200 746 294 794 quo
319 729 501 779 sanatus.
518 724 675 777 ‘Multa
705 731 880 779 interim
909 747 1056 795 reges,
1085 731 1131 778 in
1160 732 1278 780 bello
1307 750 1435 795 prae-

150 802 295 849 sertim
311 837 325 859 ,
346 800 510 865 opertis
528 801 671 848 oculis‘
698 802 879 849 donant.
905 818 996 849 non
1017 802 1173 851 sufficit
1196 805 1338 851 homo
1365 805 1434 851 iu-

151 875 237 923 stus
264 891 377 922 unus
397 885 465 921 tot
490 873 664 921 armatis
684 873 1009 937 cupiditatibus.
1037 892 1129 923 non
1158 876 1300 940 potest
1319 877 1436 941 quis-

151 963 284 1010 quam
316 948 484 994 eodeme
505 962 710 1010 tempore
736 960 779 997 et
800 947 974 996 bonum·
997 948 1140 997 virum
1157 985 1172 1008 ,
1192 963 1235 997 et
1262 952 1434 999 bonum

154 1022 312 1068 ducem
337 1036 478 1083 agere.
513 1021 765 1080 Quomodo
795 1033 863 1068 tot
895 1021 1026 1069 millia
1057 1023 1288 1071 hominum
1320 1024 1436 1072 insa-

154 1093 317 1139 tiabilia
341 1092 637 1139 satiabuntur?
662 1092 768 1156 quid
788 1093 1033 1152 habebunt,
1052 1096 1082 1141 fi
1104 1096 1226 1143 suum
1251 1096 1437 1161 quisque

155 1166 388 1213 habuerit?
415 1168 500 1213 hoc
525 1166 747 1230 Philippus
771 1165 848 1213 fibi
877 1167 1008 1223 dixit,
1037 1186 1140 1216 cum
1166 1170 1290 1217 illum
1311 1171 1440 1219 indu-

157 1239 197 1285 ci
226 1239 272 1285 in
302 1240 420 1286 bona
449 1256 562 1303 quae
592 1240 764 1301 petebat
795 1239 922 1286 iussit.
955 1241 1166 1304 Expulsus
1197 1243 1323 1290 bonis
1355 1243 1440 1292 suis

154 1311 253 1370 ille,
282 1329 374 1358 non
400 1324 446 1359 ut
475 1310 657 1358 rusticus
688 1310 893 1359 iniuriam
925 1314 1080 1360 tacitus
1105 1315 1223 1371 tulit,
1250 1329 1441 1363 conten-

156 1397 224 1430 tus
244 1385 365 1447 quod
384 1401 477 1431 non
493 1396 536 1430 et
553 1383 642 1445 ipse
660 1384 846 1444 donatus
861 1385 964 1432 esset
986 1403 996 1433 :
1019 1386 1090 1432 sed
1116 1387 1323 1450 Philippo
1343 1388 1441 1450 epi-

159 1458 310 1504 stolam
336 1458 520 1505 striclam
547 1474 596 1506 ac
624 1457 804 1504 liberam
830 1458 995 1524 scripsit
1021 1477 1033 1505 ε
1062 1477 1150 1524 qua
1177 1473 1356 1523 accepta
1382 1460 1441 1508 ira

159 1530 338 1588 exarsit,
370 1544 417 1578 ut
443 1529 585 1577 statim
616 1529 844 1577 Pausaniae
873 1532 1098 1579 mandaret
1116 1567 1130 1590 ,
1160 1533 1276 1579 bona
1301 1533 1442 1596 priori

159 1603 348 1650 domino
366 1603 617 1650 restitueret.
639 1614 830 1650 ceterum
849 1603 1175 1667 improbissimo
1194 1605 1352 1664 militi,
1377 1606 1443 1652 in-

163 1677 399 1740 gratissimo
423 1676 613 1739 hospiti,
631 1676 880 1724 avidiffimo
907 1678 1142 1742 naufrago,
1162 1678 1358 1742 stigmata
1377 1678 1445 1725 in-

162 1750 390 1807 scriberet,
416 1750 635 1813 ingratum
663 1749 880 1812 hospitem
906 1750 1116 1798 testantia.
1146 1752 1324 1814 Dignus
1350 1751 1447 1814 qui-

163 1823 264 1869 dem
292 1822 399 1880 suit,
446 1821 516 1870 cui
543 1838 634 1868 non
669 1820 1004 1868 inscriberentur
1038 1822 1134 1869 illae
1166 1822 1342 1877 literae,
1371 1822 1444 1870 sed

163 1895 536 1957 insculperentur‚
566 1894 643 1957 qui
674 1892 889 1955 hospitem
925 1893 1076 1952 suum,
1109 1894 1233 1941 nudo
1259 1908 1304 1942 et
1334 1912 1445 1942 nau-

164 1968 291 2033 frago
320 1969 528 2026 similem,
560 1968 605 2014 in
633 1967 714 2014 id
703 1984 749 2013 in
781 1984 872 2030 quo
901 1968 1093 2016 iacuerat
1123 1968 1212 2032 ipse
1241 1968 1340 2016 litus
1366 1986 1446 2018 ex·-

166 2041 347 2103 pulerat.
370 2042 453 2088 Sed
480 2004 752 2097 videbimus,
778 2039 874 2103 quis
894 2041 1053 2087 modus
1078 2057 1246 2104 poenae
1257 2031 1447 2088 ‘oservan

168 2115 249 2162 dus
282 2114 453 2163 fuerit:
486 2114 776 2162 auferendum
807 2114 957 2177 utique
983 2112 1094 2172 fuit,
1119 2113 1242 2177 quod
1274 2113 1449 2160 summo

167 2188 322 2236 scelere
354 2188 582 2236 invaserat.
626 2187 740 2247 Quis
768 2197 911 2233 autem
944 2202 1086 2249 poena
1117 2186 1209 2233 eius
1238 2202 1446 2233 movere‘ae

168 2271 267 2318 tur,
294 2260 374 2323 qui
391 2260 437 2307 id
465 2258 773 2314 commiserat,
806 2270 990 2322 propter
1020 2258 1144 2322 quod
1168 2274 1302 2306 nemo
1324 2258 1451 2305 mise·

169 2332 256 2380 rari
283 2333 465 2380 miseros
496 2331 670 2395 poffet?

235 2406 498 2455 XXXVIII.
540 2405 678 2453 Dabit
710 2404 789 2452 tibi
823 2405 1050 2468 Philippus
1080 2404 1183 2468 quia
1213 2404 1415 2467 promisit
1434 2438 1451 2458 2

107 2480 111 2484 ’
165 2479 336 2527 etiamsi
366 2495 458 2527 non
484 2478 644 2539 debet,
677 2477 841 2527 etiamsi
869 2477 1094 2536 iniuriam,
1129 2477 1293 2526 etiamsi
1318 2477 1452 2529 scelus
