1742 2967
313 156 406 185 210
537 139 1325 191 LANNAEISENECAE

305 243 434 302 raris,
465 245 625 293 tedium
654 263 764 303 vero
795 247 918 294 aliter
943 249 1095 308 noffle,
1125 251 1250 298 aliter
1277 252 1465 301 interdiu
1494 253 1584 301 ful-‘-

334 335 408 365 ens
428 336 438 365 :
459 335 589 382 negas
609 330 650 364 te
676 319 811 388 unum
843 334 1000 367 munus
1026 323 1269 386 accepisse?
1304 328 1356 371 Et
1379 343 1478 372 cum
1510 327 1585 374 ista

300 409 417 456 quae
442 392 573 438 habes
598 407 760 454 magno
781 391 1000 448 aestimes,
1024 396 1147 456 quod
1171 394 1232 442 est
1259 395 1416 459 ingrati
1436 397 1581 444 horni-

303 466 392 523 nis,
418 465 526 510 nulli
549 464 707 511 debere
733 475 774 509 te
805 464 1009 511 iudicas?
1040 466 1166 512 Unde
1192 467 1272 514 tibi
1293 467 1419 514 istum
1450 485 1584 532 quem

303 537 437 584 trahis
467 536 698 597 spiritum?
731 538 847 584 unde
878 537 1029 596 istam,
1061 555 1140 601 per
1165 557 1296 603 quam
1328 543 1444 589 astus
1470 543 1585 590 vitae

303 628 404 660 tuae
434 612 629 674 disponis
667 624 798 677 atque
825 615 1024 672 ordinas,
1053 615 1231 662 lucem?
1265 617 1382 663 unde
1413 618 1584 681 sangui-

303 702 427 742 nem,
458 686 578 733 cuius
597 687 723 733 cursu
749 688 893 734 vitalis
923 687 1174 735 continetur
1202 690 1350 737 calor?
1375 692 1488 749 unde
1509 691 1586 739 ista

302 760 493 821 palatum
523 771 646 807 tuum
682 758 909 822 saporibus
943 762 1166 825 exquisitis
1199 763 1312 809 ultra
1349 764 1594 810 satietatem

300 831 546 879 laceffentia
564 832 582 879 ?
603 833 718 879 unde
740 834 845 881 haec
869 834 1137 881 irritamenta
1160 835 1244 881 iam
1266 837 1391 883 lassae
1421 837 1585 899 volup-

298 903 426 950 tatis?
457 905 573 951 unde
594 904 671 950 ista
695 903 847 967 quies,
878 904 925 949 in
943 921 1028 967 qua
1047 905 1282 968 putrescis,
1317 924 1368 955 ac
1386 909 1582 956 marces?

299 977 464 1024 Nonne
486 977 518 1023 fi
547 989 694 1041 gratus
713 994 758 1026 es
776 1008 791 1033 ,
811 976 952 1036 dices,

361 1119 526 1135 n-u-
552 1096 676 1141 Deus
709 1094 832 1140 nohis
862 1095 956 1140 haec
982 1096 1068 1140 otia
1085 1096 1190 1155 ficit
1206 1113 1225 1142 .-

362 1168 557 1227 Namque
577 1170 651 1211 erit
666 1169 732 1212 ille
747 1168 845 1212 mihi
851 1167 1012 1227 semper
1028 1169 1150 1215 Deus
1165 1204 1179 1225 ,
1199 1170 1315 1214 illius
1337 1186 1454 1216 aram

365 1243 495 1299 Saepe
526 1254 635 1284 tener
658 1240 802 1305 nestris
837 1241 890 1284 ab
919 1241 1096 1286 ovilibus
1129 1243 1279 1307 imbuet
1304 1259 1454 1303 agnus.

365 1311 440 1355 Ille
468 1328 578 1355 meas
605 1328 730 1355 ‘errare
762 1314 904 1366 boves,
935 1327 981 1356 vt
1007 1313 1162 1369 cernis,
1197 1309 1241 1357 δ’
1273 1313 1406 1373 ipsicm

365 1382 519 1428 Ludere
553 1401 656 1443 quae
690 1387 856 1441 vellem,
883 1387 1044 1430 calamo
1067 1383 1247 1446 permfit
1267 1384 1423 1450 agresti.

299 1489 373 1536 Ille
405 1491 530 1537 Deus
561 1490 643 1546 est,
678 1507 770 1537 non
804 1490 880 1553 qui
909 1506 1067 1551 paucas
1097 1490 1271 1548 boveS,
1299 1490 1373 1538 sed
1396 1491 1474 1554 qui
1505 1509 1583 1554 per

297 1576 442 1612 totum
472 1562 628 1610 orbem
657 1575 850 1610 armenta
870 1562 1058 1620 dimifit‚
1082 1562 1159 1625 qui
1187 1563 1388 1626 gregibus
1418 1563 1584 1626 ubique

299 1637 447 1699 paffim
479 1636 739 1700 vagantibus
767 1635 976 1698 pabulum
1000 1634 1212 1698 praestat,
1237 1636 1314 1698 qui
1334 1635 1489 1697 pascua
1514 1636 1582 1684 hi-

297 1710 444 1756 bernis
465 1710 623 1759 aestiva
645 1709 876 1767 substituit,
894 1707 971 1771 qui
996 1724 1088 1754 non
1106 1708 1275 1755 calamo
1291 1721 1457 1755 tantum
1477 1725 1581 1756 can-

299 1793 414 1840 tare,
431 1795 476 1828 et
494 1782 655 1845 agreste
673 1795 803 1846 atque
826 1780 1102 1827 inconditum
1122 1797 1297 1829 carmen
1317 1782 1370 1827 ad
1390 1782 1580 1844 aliquam

298 1866 466 1903 tantum
492 1856 828 1903 oble&ationem
856 1853 1078 1902 modulari
1107 1854 1260 1902 docuit
1272 1862 1292 1913 ,’
1313 1853 1385 1900 sed
1410 1868 1478 1901 tot
1507 1871 1582 1901 ar-

298 1943 392 1986 tes,
421 1941 488 1976 tot
521 1945 687 1976 vocum
717 1929 970 1985 varietates,
1000 1939 1068 1974 tot
1102 1928 1259 1983 sonOS,
1291 1927 1401 1975 alios
1429 1927 1580 1990 spiritu

298 2001 473 2057 nostro,
508 2000 615 2047 alios
638 2012 847 2057 externo,
873 2010 1023 2047 cantus
1048 2000 1270 2058 edituros,
1300 2014 1578 2049 commentus

297 2074 374 2121 est.
400 2075 562 2138 Neque
587 2074 705 2120 enim
727 2072 874 2119 nostra
896 2072 998 2126 ista,
1019 2090 1129 2136 quae
1151 2073 1431 2128 invenimus,
1453 2073 1577 2122 dixe-

299 2150 355 2195 ris
378 2167 387 2194 :
417 2164 508 2195 non
533 2147 692 2211 magis,
717 2164 848 2210 quam
870 2148 992 2210 quod
1017 2147 1273 2204 crescimus,
1297 2164 1428 2210 quam
1454 2147 1577 2211 quod

298 2223 352 2267 ad
385 2221 669 2269 constitutum
702 2232 873 2282 tempus
906 2219 977 2265 sua
1008 2219 1188 2280 corpori
1225 2219 1368 2265 officia
1403 2219 1577 2281 respon-

299 2295 417 2340 dent.
451 2291 581 2342 Nunc
599 2292 831 2356 puerilium
851 2291 1046 2338 dentium
1074 2291 1243 2353 lapsus,
1270 2308 1387 2337 nunc
1414 2292 1466 2336 ad
1483 2291 1575 2336 sur-

300 2380 474 2430 gentem
494 2367 578 2413 iam
594 2377 792 2420 aetatem,
809 2376 852 2411 et
867 2366 911 2411 in
932 2363 1223 2411 robustiorem
1241 2365 1420 2427 gradum
1439 2376 1575 2409 traus-

301 2455 478 2487 euntem
519 2439 749 2502 pubertas,
785 2453 829 2486 et
867 2438 1044 2486 ultimus
1069 2438 1140 2484 ille
1169 2438 1276 2484 dens
1303 2436 1473 2499 urgenti
1507 2435 1574 2482 iu-
