1742 2967
512 133 527 171 l

356 192 452 256 DE
501 172 963 257 ἐιΕΜΕΝΤῑΑ
1011 209 1140 255 LIB.
1185 209 1252 255 Π.
1386 222 1444 270 39

231 317 288 360 V.
321 317 439 379 Ergo
474 317 851 377 quemadmodum
889 316 1044 379 religio
1076 315 1182 362 deos
1216 314 1349 371 colit,
1378 314 1442 362 su-

163 386 361 450 perstitio
391 389 560 435 violat:
589 390 647 435 ita
678 389 951 436 clementiam
983 386 1446 450 mansuetudinemque

161 474 321 507 omnes
352 460 469 506 boni⁴
490 461 790 523 praestabunt,
831 462 1172 507 misericordiam
1204 473 1346 507 autem
1375 462 1447 508 vi·

166 532 334 579 tabunt.
371 533 442 578 Est
468 534 584 579 enim
616 535 773 582 vitium
810 535 946 597 pufflli
981 533 1142 589 animi,
1174 535 1227 579 ad
1260 534 1448 596 speciem

167 606 408 652 alienorum
442 608 659 654 malorum
678 608 947 655 succidentis.
973 611 1122 671 ltaque
1150 607 1333 669 peffimo
1353 607 1449 652 cui·-

165 694 254 741 que
271 678 597 726 familiarifiima
614 679 688 727 est.
708 684 826 728 Anus
842 692 884 726 et
903 679 1178 727 mulierculae
1198 681 1316 733 sunt,
1337 674 1466 740 quae

167 750 358 797 lacrimis
382 751 793 799 nocentissimorum
825 762 1065 797 moventur
1082 787 1094 805 ‚
1130 767 1268 814 quae,
1294 750 1323 795 fi
1344 750 1450 795 lice*

169 834 258 880 ret,
271 841 491 871 carcerem
510 824 804 886 effringerent.
824 823 1131 870 Misericordia
1149 840 1240 870 non
1260 823 1449 881 causam,

170 895 244 943 sed
262 895 484 943 fortunam
504 898 691 960 spectass
712 896 940 943 clementia
962 896 1120 942 rationi
1140 897 1321 943 accedit.
1349 896 1452 943 Scio

168 970 282 1016 male
301 972 449 1017 audire
470 971 584 1033 apud
604 970 835 1033 imperitos
864 969 1021 1016 seciam
1048 969 1298 1016 Stoicorum
1315 1001 1328 1024 ‚
1352 981 1452 1015 tan-

169 1059 301 1106 quam
326 1044 453 1092 nimis
479 1046 656 1102 duram,
690 1056 731 1090 et
761 1043 942 1090 minime
967 1042 1238 1105 principibus
1259 1043 1453 1106 regibus-

169 1132 257 1180 que
280 1118 447 1164 bonum
478 1118 671 1164 daturam
703 1115 942 1164 confilium.
974 1115 1198 1161 Obiicitur
1225 1116 1343 1161 enim
1367 1116 1453 1170 illi,

171 1190 296 1251 quod
310 1188 543 1251 sapientem
562 1187 688 1252 negat
705 1188 912 1245 misereri,
930 1201 1057 1250 negat
1076 1188 1316 1251 ignoscere,
1334 1190 1455 1236 Haec

173 1258 205 1305 si
223 1277 304 1323 pei·
331 1260 372 1307 se
404 1277 652 1323 ponantur,
674 1261 812 1307 invisa
840 1260 951 1309 sunt.
977 1262 1182 1308 videntur
1209 1262 1327 1308 enim
1353 1263 1453 1309 nul—

173 1331 261 1378 lam
284 1332 400 1396 spem
432 1334 675 1397 relinquere
704 1334 902 1380 humanis
925 1333 1176 1392 erroribus,
1202 1335 1275 1381 sed
1305 1335 1455 1381 omnia

175 1406 330 1454 delicta
361 1408 416 1453 ad
452 1424 641 1470 poenam
676 1407 905 1455 deducere.
947 1408 1086 1468 Quod
1115 1407 1145 1453 si
1177 1408 1260 1465 est,
1299 1409 1454 1472 quidni

175 1480 284 1529 haec
301 1482 433 1540 secia,
464 1499 574 1545 quae
600 1482 821 1529 dediscere
838 1481 1153 1528 humanitatem
1173 1482 1321 1539 iubet,
1352 1498 1458 1545 por-

175 1554 594 1618 tumqueadversus
624 1553 848 1601 fortunam
881 1554 1162 1601 certiffimum
1194 1567 1352 1600 mutuo
1379 1571 1457 1601 au-

177 1625 289 1672 xilio
307 1625 473 1672 cludit?
495 1627 578 1673 Sed
598 1625 713 1672 nulla
732 1626 844 1673 seEta
868 1626 1099 1690 benignior
1123 1626 1351 1689 leniorque
1372 1627 1459 1685 est,

178 1698 295 1745 nulla
316 1697 532 1744 amantior
549 1698 781 1748 hominum
796 1734 810 1756 ,
837 1712 880 1746 et
902 1699 1215 1746 communibus
1240 1700 1368 1746 bonis
1394 1714 1459 1747 at-

179 1771 372 1820 tentior:
395 1786 443 1819 ut
460 1772 736 1834 propositum
764 1772 814 1819 fit
832 1772 927 1819 usui
954 1772 1040 1819 effe
1067 1783 1139 1819 aut
1158 1774 1348 1832 auxilio,
1379 1792 1461 1822 nec

181 1844 261 1890 {ibi
286 1857 477 1902 tantum,
503 1844 574 1890 sed
601 1843 811 1891 universis
835 1843 1093 1907 fingulisque
1113 1844 1350 1893 consulere.
1371 1846 1459 1892 Mi-

182 1917 419 1965 sericordia
444 1917 505 1964 est
537 1918 769 1980 aegritudo
790 1918 953 1974 animi,
980 1917 1040 1962 ob
1068 1916 1305 1963 alienarum
1334 1918 1463 1964 mise—

182 1991 345 2038 riarum
370 1991 588 2054 speciem:
618 2002 717 2048 aut,
743 1990 913 2037 tristitia
932 2008 985 2038 ex
1017 1989 1165 2037 alienis
1195 1990 1318 2037 malis
1347 2008 1462 2038 con—

184 2065 335 2122 traeia,
349 2080 462 2127 quae
480 2064 680 2111 accidere
700 2063 1032 2110 immerentibus
1051 2062 1201 2109 credit.
1216 2063 1463 2126 Aegritudo

183 2148 331 2184 autem
367 2137 413 2183 in
445 2136 678 2199 sapientem
719 2137 866 2184 virum
900 2151 990 2182 non
1017 2135 1132 2182 cadit
1158 2154 1169 2181 ε
1195 2136 1342 2182 serena
1370 2136 1465 2183 cius

186 2226 310 2256 mens
329 2208 417 2267 est,
447 2226 528 2256 nec
552 2208 790 2272 quidquam
816 2207 1010 2255 incidere
1036 2206 1179 2269 potest
1197 2207 1320 2270 quod
1348 2206 1465 2253 illam

186 2281 393 2327 obducat.
422 2280 630 2343 Nihilque
665 2296 801 2343 aeque
835 2280 1062 2326 hominem
1081 2314 1095 2336 ‚
1122 2294 1251 2341 quam
1283 2295 1466 2341 magnus

187 2354 358 2400 animus
379 2353 504 2400 decet
523 2370 533 2399 z
555 2370 644 2400 non
660 2352 804 2416 potest
834 2366 977 2399 autem
1007 2368 1190 2414 magnus
1209 2350 1292 2396 effe
1321 2351 1437 2397 idem
1452 2390 1465 2408 ‚

187 2426 219 2472 fi
250 2442 390 2473 metus
420 2439 463 2473 et
495 2442 675 2472 moeror
703 2425 963 2481 confundit,
1000 2425 1028 2470 si
1059 2435 1248 2470 mentem
1282 2423 1468 2472 obducit

189 2514 235 2549 et
260 2499 492 2551 contrahit.
526 2500 627 2548 Hoc
657 2499 839 2563 sapienti
865 2515 918 2547 ne
947 2498 992 2545 in
1025 2497 1108 2545 suis
1138 2495 1316 2608 guidem
1351 2498 1472 2547 acci-

1212 2579 1243 2621 4
