<?xml version="1.0" encoding="UTF-8"?>
<!DOCTYPE html PUBLIC "-//W3C//DTD XHTML 1.0 Transitional//EN"
    "http://www.w3.org/TR/xhtml1/DTD/xhtml1-transitional.dtd">
<html xmlns="http://www.w3.org/1999/xhtml" xml:lang="en" lang="en">
 <head>
  <title>
</title>
<meta http-equiv="Content-Type" content="text/html;charset=utf-8" />
  <meta name='ocr-system' content='tesseract 3.04.00' />
  <meta name='ocr-capabilities' content='ocr_page ocr_carea ocr_par ocr_line ocrx_word'/>
</head>
<body>
  <div class='ocr_page' id='page_1' title='image "./lannaeisenecaeph02seneuoft_0368.png"; bbox 0 0 1742 2967; ppageno 0'>
   <div class='ocr_carea' id='block_1_1' title="bbox 237 141 1275 202">
    <p class='ocr_par' dir='ltr' id='par_1_1' title="bbox 237 141 1275 202">
     <span class='ocr_line' id='line_1_1' title="bbox 237 141 1275 202; baseline 0.007 -14"><span class='ocrx_word' id='word_1_1' title='bbox 237 155 330 202; x_wconf 37' lang='lat'>,332</span> <span class='ocrx_word' id='word_1_2' title='bbox 476 142 526 189; x_wconf 86' lang='lat' dir='ltr'>L.</span> <span class='ocrx_word' id='word_1_3' title='bbox 575 141 866 190; x_wconf 82' lang='lat' dir='ltr'>ANNAEI</span> <span class='ocrx_word' id='word_1_4' title='bbox 919 144 1275 195; x_wconf 83' lang='lat' dir='ltr'><strong>SENECAE</strong></span> 
     </span>
    </p>
   </div>
   <div class='ocr_carea' id='block_1_2' title="bbox 221 247 1513 1990">
    <p class='ocr_par' dir='ltr' id='par_1_2' title="bbox 231 247 1513 605">
     <span class='ocr_line' id='line_1_2' title="bbox 235 247 1509 313; baseline 0.009 -22"><span class='ocrx_word' id='word_1_5' title='bbox 235 262 363 307; x_wconf 85' lang='lat' dir='ltr'>ceps,</span> <span class='ocrx_word' id='word_1_6' title='bbox 396 257 440 293; x_wconf 90' lang='lat' dir='ltr'>et</span> <span class='ocrx_word' id='word_1_7' title='bbox 472 264 694 312; x_wconf 85' lang='lat' dir='ltr'>nunquam</span> <span class='ocrx_word' id='word_1_8' title='bbox 726 247 852 297; x_wconf 88' lang='lat' dir='ltr'>fidele</span> <span class='ocrx_word' id='word_1_9' title='bbox 877 251 1104 299; x_wconf 87' lang='lat' dir='ltr'>confilium</span> <span class='ocrx_word' id='word_1_10' title='bbox 1137 254 1311 301; x_wconf 81' lang='lat' dir='ltr'>daturus</span> <span class='ocrx_word' id='word_1_11' title='bbox 1343 255 1509 313; x_wconf 86' lang='lat' dir='ltr'>timor,</span> 
     </span>
     <span class='ocr_line' id='line_1_3' title="bbox 237 321 1511 386; baseline 0.01 -21"><span class='ocrx_word' id='word_1_12' title='bbox 237 333 280 366; x_wconf 88' lang='lat' dir='ltr'>et</span> <span class='ocrx_word' id='word_1_13' title='bbox 297 321 411 367; x_wconf 88' lang='lat' dir='ltr'>mille</span> <span class='ocrx_word' id='word_1_14' title='bbox 431 339 628 380; x_wconf 86' lang='lat' dir='ltr'>errores,</span> <span class='ocrx_word' id='word_1_15' title='bbox 661 324 819 386; x_wconf 87' lang='lat' dir='ltr'>quibus</span> <span class='ocrx_word' id='word_1_16' title='bbox 841 325 1073 373; x_wconf 84' lang='lat' dir='ltr'>volvimur</span> <span class='ocrx_word' id='word_1_17' title='bbox 1093 329 1296 375; x_wconf 82' lang='lat' dir='ltr'>:audacia</span> <span class='ocrx_word' id='word_1_18' title='bbox 1325 331 1511 378; x_wconf 81' lang='lat' dir='ltr'>timidis-</span> 
     </span>
     <span class='ocr_line' id='line_1_4' title="bbox 235 395 1513 464; baseline 0.009 -23"><span class='ocrx_word' id='word_1_19' title='bbox 235 395 443 442; x_wconf 85' lang='lat' dir='ltr'>fimorum</span> <span class='ocrx_word' id='word_1_20' title='bbox 458 433 471 453; x_wconf 93' lang='lat'>‚</span> <span class='ocrx_word' id='word_1_21' title='bbox 499 397 713 443; x_wconf 80' lang='lat' dir='ltr'>discordia</span> <span class='ocrx_word' id='word_1_22' title='bbox 738 397 1168 447; x_wconf 72' lang='lat' dir='ltr'>familiarissimorum</span> <span class='ocrx_word' id='word_1_23' title='bbox 1186 437 1198 460; x_wconf 93' lang='lat'>,</span> <span class='ocrx_word' id='word_1_24' title='bbox 1230 416 1272 448; x_wconf 86' lang='lat' dir='ltr'>et</span> <span class='ocrx_word' id='word_1_25' title='bbox 1293 405 1513 464; x_wconf 80' lang='lat' dir='ltr'>publicum</span> 
     </span>
     <span class='ocr_line' id='line_1_5' title="bbox 232 468 1510 539; baseline 0.007 -26"><span class='ocrx_word' id='word_1_26' title='bbox 232 468 391 514; x_wconf 79' lang='lat' dir='ltr'>malum</span> <span class='ocrx_word' id='word_1_27' title='bbox 409 505 422 527; x_wconf 90' lang='lat'>‚</span> <span class='ocrx_word' id='word_1_28' title='bbox 455 468 746 516; x_wconf 85' lang='lat' dir='ltr'>incertiffimis</span> <span class='ocrx_word' id='word_1_29' title='bbox 773 469 934 528; x_wconf 85' lang='lat' dir='ltr'>fidere,</span> <span class='ocrx_word' id='word_1_30' title='bbox 964 470 1152 520; x_wconf 75' lang='lat' dir='ltr'>fastidire</span> <span class='ocrx_word' id='word_1_31' title='bbox 1186 474 1394 536; x_wconf 81' lang='lat' dir='ltr'>poffeffa,</span> <span class='ocrx_word' id='word_1_32' title='bbox 1422 492 1510 539; x_wconf 86' lang='lat' dir='ltr'>op-</span> 
     </span>
     <span class='ocr_line' id='line_1_6' title="bbox 231 540 1197 605; baseline 0.005 -18"><span class='ocrx_word' id='word_1_33' title='bbox 231 554 322 587; x_wconf 78' lang='lat' dir='ltr'>tare</span> <span class='ocrx_word' id='word_1_34' title='bbox 343 557 454 594; x_wconf 75' lang='lat' dir='ltr'>quae</span> <span class='ocrx_word' id='word_1_35' title='bbox 477 540 688 604; x_wconf 79' lang='lat' dir='ltr'>consequi</span> <span class='ocrx_word' id='word_1_36' title='bbox 719 541 837 603; x_wconf 81' lang='lat' dir='ltr'>poffe</span> <span class='ocrx_word' id='word_1_37' title='bbox 862 544 954 605; x_wconf 87' lang='lat' dir='ltr'>spes</span> <span class='ocrx_word' id='word_1_38' title='bbox 985 560 1074 590; x_wconf 89' lang='lat' dir='ltr'>non</span> <span class='ocrx_word' id='word_1_39' title='bbox 1101 544 1197 592; x_wconf 83' lang='lat' dir='ltr'>fuit.</span> 
     </span>
    </p>

    <p class='ocr_par' dir='ltr' id='par_1_3' title="bbox 221 614 1511 1990">
     <span class='ocr_line' id='line_1_7' title="bbox 296 614 1511 684; baseline 0.008 -25"><span class='ocrx_word' id='word_1_40' title='bbox 296 614 490 660; x_wconf 89' lang='lat' dir='ltr'>XXVII.</span> <span class='ocrx_word' id='word_1_41' title='bbox 520 617 634 660; x_wconf 89' lang='lat' dir='ltr'>Inter</span> <span class='ocrx_word' id='word_1_42' title='bbox 661 615 837 662; x_wconf 60' lang='lat' dir='ltr'>affectus</span> <span class='ocrx_word' id='word_1_43' title='bbox 865 615 1229 677; x_wconf 64' lang='lat' dir='ltr'>inquieflffimos,</span> <span class='ocrx_word' id='word_1_44' title='bbox 1263 637 1356 667; x_wconf 89' lang='lat' dir='ltr'>rem</span> <span class='ocrx_word' id='word_1_45' title='bbox 1383 622 1511 684; x_wconf 82' lang='lat' dir='ltr'>quie-</span> 
     </span>
     <span class='ocr_line' id='line_1_8' title="bbox 230 683 1509 751; baseline 0.009 -21"><span class='ocrx_word' id='word_1_46' title='bbox 230 683 457 740; x_wconf 67' lang='lat' dir='ltr'>tiffimam,</span> <span class='ocrx_word' id='word_1_47' title='bbox 490 686 650 744; x_wconf 83' lang='lat' dir='ltr'>fidem,</span> <span class='ocrx_word' id='word_1_48' title='bbox 680 688 884 751; x_wconf 81' lang='lat' dir='ltr'>quaeris?</span> <span class='ocrx_word' id='word_1_49' title='bbox 913 690 955 735; x_wconf 87' lang='lat' dir='ltr'>Si</span> <span class='ocrx_word' id='word_1_50' title='bbox 983 689 1061 736; x_wconf 86' lang='lat' dir='ltr'>tibi</span> <span class='ocrx_word' id='word_1_51' title='bbox 1093 691 1207 738; x_wconf 80' lang='lat' dir='ltr'>vitae</span> <span class='ocrx_word' id='word_1_52' title='bbox 1234 693 1404 740; x_wconf 74' lang='lat' dir='ltr'>nostrae</span> <span class='ocrx_word' id='word_1_53' title='bbox 1427 711 1509 741; x_wconf 83' lang='lat' dir='ltr'>ve-</span> 
     </span>
     <span class='ocr_line' id='line_1_9' title="bbox 223 758 1508 825; baseline 0.006 -21"><span class='ocrx_word' id='word_1_54' title='bbox 223 773 272 804; x_wconf 77' lang='lat' dir='ltr'>ra</span> <span class='ocrx_word' id='word_1_55' title='bbox 291 758 439 823; x_wconf 78' lang='lat' dir='ltr'>imago</span> <span class='ocrx_word' id='word_1_56' title='bbox 456 760 691 814; x_wconf 79' lang='lat' dir='ltr'><strong>succurret,</strong></span> <span class='ocrx_word' id='word_1_57' title='bbox 733 760 949 808; x_wconf 82' lang='lat' dir='ltr'><strong>videberis</strong></span> <span class='ocrx_word' id='word_1_58' title='bbox 967 761 1045 808; x_wconf 87' lang='lat' dir='ltr'>tibi</span> <span class='ocrx_word' id='word_1_59' title='bbox 1066 763 1214 809; x_wconf 78' lang='lat' dir='ltr'>videre</span> <span class='ocrx_word' id='word_1_60' title='bbox 1238 780 1388 825; x_wconf 75' lang='lat' dir='ltr'>captae</span> <span class='ocrx_word' id='word_1_61' title='bbox 1408 782 1508 812; x_wconf 88' lang='lat' dir='ltr'>cum</span> 
     </span>
     <span class='ocr_line' id='line_1_10' title="bbox 228 829 1508 897; baseline 0.007 -24"><span class='ocrx_word' id='word_1_62' title='bbox 228 829 420 876; x_wconf 78' lang='lat' dir='ltr'>maxime</span> <span class='ocrx_word' id='word_1_63' title='bbox 446 831 634 879; x_wconf 82' lang='lat' dir='ltr'>civitatis</span> <span class='ocrx_word' id='word_1_64' title='bbox 660 831 839 888; x_wconf 83' lang='lat' dir='ltr'>faciem,</span> <span class='ocrx_word' id='word_1_65' title='bbox 858 832 902 877; x_wconf 89' lang='lat' dir='ltr'>in</span> <span class='ocrx_word' id='word_1_66' title='bbox 923 849 1009 894; x_wconf 84' lang='lat' dir='ltr'>qua</span> <span class='ocrx_word' id='word_1_67' title='bbox 1033 833 1194 879; x_wconf 80' lang='lat' dir='ltr'>omiffo</span> <span class='ocrx_word' id='word_1_68' title='bbox 1219 836 1400 897; x_wconf 87' lang='lat' dir='ltr'>pudoris</span> <span class='ocrx_word' id='word_1_69' title='bbox 1418 853 1508 882; x_wconf 87' lang='lat' dir='ltr'>rec-</span> 
     </span>
     <span class='ocr_line' id='line_1_11' title="bbox 227 901 1507 969; baseline 0.005 -22"><span class='ocrx_word' id='word_1_70' title='bbox 227 901 348 964; x_wconf 82' lang='lat' dir='ltr'>tique</span> <span class='ocrx_word' id='word_1_71' title='bbox 378 903 592 965; x_wconf 70' lang='lat' dir='ltr'>respeEtu,</span> <span class='ocrx_word' id='word_1_72' title='bbox 621 904 736 951; x_wconf 88' lang='lat' dir='ltr'>vires</span> <span class='ocrx_word' id='word_1_73' title='bbox 757 904 801 950; x_wconf 87' lang='lat' dir='ltr'>in</span> <span class='ocrx_word' id='word_1_74' title='bbox 827 904 1010 950; x_wconf 82' lang='lat' dir='ltr'>confilio</span> <span class='ocrx_word' id='word_1_75' title='bbox 1038 904 1156 963; x_wconf 87' lang='lat' dir='ltr'>sunt,</span> <span class='ocrx_word' id='word_1_76' title='bbox 1173 906 1290 953; x_wconf 81' lang='lat' dir='ltr'>velut</span> <span class='ocrx_word' id='word_1_77' title='bbox 1316 906 1434 969; x_wconf 72' lang='lat' dir='ltr'>signo</span> <span class='ocrx_word' id='word_1_78' title='bbox 1452 907 1507 954; x_wconf 85' lang='lat' dir='ltr'>ad</span> 
     </span>
     <span class='ocr_line' id='line_1_12' title="bbox 228 976 1506 1041; baseline 0.005 -21"><span class='ocrx_word' id='word_1_79' title='bbox 228 976 526 1036; x_wconf 83' lang='lat' dir='ltr'>permiscenda</span> <span class='ocrx_word' id='word_1_80' title='bbox 555 977 703 1023; x_wconf 82' lang='lat' dir='ltr'>omnia</span> <span class='ocrx_word' id='word_1_81' title='bbox 738 977 853 1023; x_wconf 79' lang='lat' dir='ltr'>dato.</span> <span class='ocrx_word' id='word_1_82' title='bbox 889 978 995 1023; x_wconf 92' lang='lat' dir='ltr'>Non</span> <span class='ocrx_word' id='word_1_83' title='bbox 1025 977 1140 1041; x_wconf 80' lang='lat' dir='ltr'>igni,</span> <span class='ocrx_word' id='word_1_84' title='bbox 1169 995 1259 1024; x_wconf 87' lang='lat' dir='ltr'>non</span> <span class='ocrx_word' id='word_1_85' title='bbox 1286 979 1407 1026; x_wconf 88' lang='lat' dir='ltr'>ferro</span> <span class='ocrx_word' id='word_1_86' title='bbox 1427 981 1506 1026; x_wconf 81' lang='lat' dir='ltr'>ab·</span> 
     </span>
     <span class='ocr_line' id='line_1_13' title="bbox 227 1047 1508 1116; baseline 0.004 -22"><span class='ocrx_word' id='word_1_87' title='bbox 227 1047 407 1096; x_wconf 84' lang='lat' dir='ltr'>stinetur</span> <span class='ocrx_word' id='word_1_88' title='bbox 429 1066 442 1095; x_wconf 74' lang='lat'><em>2</em></span> <span class='ocrx_word' id='word_1_89' title='bbox 467 1051 604 1097; x_wconf 83' lang='lat' dir='ltr'>soluta</span> <span class='ocrx_word' id='word_1_90' title='bbox 629 1051 794 1115; x_wconf 81' lang='lat' dir='ltr'>legibus</span> <span class='ocrx_word' id='word_1_91' title='bbox 812 1051 971 1099; x_wconf 82' lang='lat' dir='ltr'>scelera</span> <span class='ocrx_word' id='word_1_92' title='bbox 995 1051 1089 1098; x_wconf 87' lang='lat' dir='ltr'>sunt</span> <span class='ocrx_word' id='word_1_93' title='bbox 1110 1069 1120 1098; x_wconf 75' lang='grc' dir='ltr'>ε</span> <span class='ocrx_word' id='word_1_94' title='bbox 1142 1069 1221 1099; x_wconf 92' lang='lat' dir='ltr'>nec</span> <span class='ocrx_word' id='word_1_95' title='bbox 1240 1053 1395 1116; x_wconf 87' lang='lat' dir='ltr'>religio</span> <span class='ocrx_word' id='word_1_96' title='bbox 1414 1054 1508 1115; x_wconf 81' lang='lat' dir='ltr'>qui-</span> 
     </span>
     <span class='ocr_line' id='line_1_14' title="bbox 227 1121 1507 1187; baseline 0.005 -20"><span class='ocrx_word' id='word_1_97' title='bbox 227 1121 356 1181; x_wconf 87' lang='lat' dir='ltr'>dem,</span> <span class='ocrx_word' id='word_1_98' title='bbox 384 1140 493 1185; x_wconf 83' lang='lat' dir='ltr'>quae</span> <span class='ocrx_word' id='word_1_99' title='bbox 514 1123 625 1170; x_wconf 76' lang='lat' dir='ltr'>inter</span> <span class='ocrx_word' id='word_1_100' title='bbox 651 1140 768 1170; x_wconf 76' lang='lat' dir='ltr'>arma</span> <span class='ocrx_word' id='word_1_101' title='bbox 787 1125 957 1171; x_wconf 73' lang='lat' dir='ltr'>hostilia</span> <span class='ocrx_word' id='word_1_102' title='bbox 983 1125 1195 1187; x_wconf 74' lang='lat' dir='ltr'>supplices</span> <span class='ocrx_word' id='word_1_103' title='bbox 1220 1126 1347 1183; x_wconf 83' lang='lat' dir='ltr'>texit,</span> <span class='ocrx_word' id='word_1_104' title='bbox 1368 1126 1507 1174; x_wconf 87' lang='lat' dir='ltr'>ullum</span> 
     </span>
     <span class='ocr_line' id='line_1_15' title="bbox 226 1193 1508 1262; baseline 0.005 -23"><span class='ocrx_word' id='word_1_105' title='bbox 226 1193 589 1255; x_wconf 78' lang='lat' dir='ltr'>impedimentum</span> <span class='ocrx_word' id='word_1_106' title='bbox 610 1198 671 1242; x_wconf 89' lang='lat' dir='ltr'>est</span> <span class='ocrx_word' id='word_1_107' title='bbox 689 1199 909 1246; x_wconf 83' lang='lat' dir='ltr'>ruentium</span> <span class='ocrx_word' id='word_1_108' title='bbox 926 1199 972 1261; x_wconf 78' lang='lat' dir='ltr'>in</span> <span class='ocrx_word' id='word_1_109' title='bbox 991 1200 1210 1260; x_wconf 84' lang='lat' dir='ltr'><strong>praedam.</strong></span> <span class='ocrx_word' id='word_1_110' title='bbox 1236 1200 1392 1245; x_wconf 79' lang='lat' dir='ltr'>Hicex</span> <span class='ocrx_word' id='word_1_111' title='bbox 1415 1201 1508 1262; x_wconf 80' lang='lat' dir='ltr'>pri-</span> 
     </span>
     <span class='ocr_line' id='line_1_16' title="bbox 227 1265 1509 1331; baseline 0.007 -21"><span class='ocrx_word' id='word_1_112' title='bbox 227 1278 362 1321; x_wconf 80' lang='lat' dir='ltr'>vato,</span> <span class='ocrx_word' id='word_1_113' title='bbox 393 1265 464 1313; x_wconf 82' lang='lat' dir='ltr'>hic</span> <span class='ocrx_word' id='word_1_114' title='bbox 496 1284 550 1312; x_wconf 84' lang='lat' dir='ltr'>ex</span> <span class='ocrx_word' id='word_1_115' title='bbox 589 1269 794 1328; x_wconf 83' lang='lat' dir='ltr'>publico,</span> <span class='ocrx_word' id='word_1_116' title='bbox 833 1270 903 1315; x_wconf 84' lang='lat' dir='ltr'>hic</span> <span class='ocrx_word' id='word_1_117' title='bbox 941 1287 993 1316; x_wconf 82' lang='lat' dir='ltr'>ex</span> <span class='ocrx_word' id='word_1_118' title='bbox 1028 1269 1248 1331; x_wconf 75' lang='lat' dir='ltr'>profano,</span> <span class='ocrx_word' id='word_1_119' title='bbox 1286 1271 1357 1318; x_wconf 88' lang='lat' dir='ltr'>hic</span> <span class='ocrx_word' id='word_1_120' title='bbox 1391 1272 1509 1319; x_wconf 73' lang='lat' dir='ltr'>sacra</span> 
     </span>
     <span class='ocr_line' id='line_1_17' title="bbox 225 1342 1504 1406; baseline 0.003 -17"><span class='ocrx_word' id='word_1_121' title='bbox 225 1342 338 1403; x_wconf 74' lang='lat' dir='ltr'>rapit</span> <span class='ocrx_word' id='word_1_122' title='bbox 362 1360 374 1388; x_wconf 93' lang='lat'><strong>:</strong></span> <span class='ocrx_word' id='word_1_123' title='bbox 408 1343 480 1389; x_wconf 87' lang='lat' dir='ltr'>hic</span> <span class='ocrx_word' id='word_1_124' title='bbox 511 1342 732 1406; x_wconf 80' lang='lat' dir='ltr'>effringit,</span> <span class='ocrx_word' id='word_1_125' title='bbox 762 1344 832 1392; x_wconf 86' lang='lat' dir='ltr'>hic</span> <span class='ocrx_word' id='word_1_126' title='bbox 861 1343 1069 1402; x_wconf 67' lang='lat' dir='ltr'>transilit,</span> <span class='ocrx_word' id='word_1_127' title='bbox 1100 1345 1170 1395; x_wconf 87' lang='lat' dir='ltr'>hic</span> <span class='ocrx_word' id='word_1_128' title='bbox 1197 1362 1290 1391; x_wconf 87' lang='lat' dir='ltr'>non</span> <span class='ocrx_word' id='word_1_129' title='bbox 1319 1358 1504 1394; x_wconf 75' lang='lat' dir='ltr'>conten-</span> 
     </span>
     <span class='ocr_line' id='line_1_18' title="bbox 225 1413 1504 1480; baseline 0.005 -19"><span class='ocrx_word' id='word_1_130' title='bbox 225 1429 293 1462; x_wconf 85' lang='lat' dir='ltr'>tus</span> <span class='ocrx_word' id='word_1_131' title='bbox 313 1415 495 1479; x_wconf 81' lang='lat' dir='ltr'>angusto</span> <span class='ocrx_word' id='word_1_132' title='bbox 524 1417 701 1473; x_wconf 86' lang='lat' dir='ltr'>itinere,</span> <span class='ocrx_word' id='word_1_133' title='bbox 731 1413 822 1479; x_wconf 48' lang='lat' dir='ltr'>ipsa&#39;</span> <span class='ocrx_word' id='word_1_134' title='bbox 851 1418 1009 1480; x_wconf 87' lang='lat' dir='ltr'>quibus</span> <span class='ocrx_word' id='word_1_135' title='bbox 1038 1431 1207 1464; x_wconf 79' lang='lat' dir='ltr'><strong>arcetur</strong></span> <span class='ocrx_word' id='word_1_136' title='bbox 1223 1454 1236 1474; x_wconf 89' lang='lat'><strong>‚</strong></span> <span class='ocrx_word' id='word_1_137' title='bbox 1257 1421 1414 1467; x_wconf 86' lang='lat' dir='ltr'>evertit</span> <span class='ocrx_word' id='word_1_138' title='bbox 1429 1456 1441 1477; x_wconf 91' lang='lat'><strong>‚</strong></span> <span class='ocrx_word' id='word_1_139' title='bbox 1461 1435 1504 1468; x_wconf 85' lang='lat' dir='ltr'>et</span> 
     </span>
     <span class='ocr_line' id='line_1_19' title="bbox 224 1489 1503 1554; baseline 0.005 -19"><span class='ocrx_word' id='word_1_140' title='bbox 224 1489 269 1535; x_wconf 81' lang='lat' dir='ltr'>in</span> <span class='ocrx_word' id='word_1_141' title='bbox 289 1491 456 1539; x_wconf 87' lang='lat' dir='ltr'>lucrum</span> <span class='ocrx_word' id='word_1_142' title='bbox 484 1491 606 1538; x_wconf 87' lang='lat' dir='ltr'>ruina</span> <span class='ocrx_word' id='word_1_143' title='bbox 630 1492 765 1538; x_wconf 75' lang='lat' dir='ltr'>venit,</span> <span class='ocrx_word' id='word_1_144' title='bbox 783 1492 866 1537; x_wconf 87' lang='lat' dir='ltr'>Hic</span> <span class='ocrx_word' id='word_1_145' title='bbox 890 1490 976 1538; x_wconf 83' lang='lat' dir='ltr'>fine</span> <span class='ocrx_word' id='word_1_146' title='bbox 997 1492 1128 1538; x_wconf 82' lang='lat' dir='ltr'>caede</span> <span class='ocrx_word' id='word_1_147' title='bbox 1150 1494 1410 1554; x_wconf 81' lang='lat' dir='ltr'>populatur,</span> <span class='ocrx_word' id='word_1_148' title='bbox 1431 1494 1503 1543; x_wconf 81' lang='lat' dir='ltr'>hic</span> 
     </span>
     <span class='ocr_line' id='line_1_20' title="bbox 221 1560 1507 1628; baseline 0.004 -21"><span class='ocrx_word' id='word_1_149' title='bbox 221 1560 361 1622; x_wconf 82' lang='lat' dir='ltr'>spolia</span> <span class='ocrx_word' id='word_1_150' title='bbox 393 1579 568 1610; x_wconf 78' lang='lat' dir='ltr'>cruenta</span> <span class='ocrx_word' id='word_1_151' title='bbox 601 1580 731 1610; x_wconf 80' lang='lat' dir='ltr'>manu</span> <span class='ocrx_word' id='word_1_152' title='bbox 760 1563 905 1626; x_wconf 80' lang='lat' dir='ltr'>gestat.</span> <span class='ocrx_word' id='word_1_153' title='bbox 956 1581 1088 1609; x_wconf 69' lang='lat' dir='ltr'>nemo</span> <span class='ocrx_word' id='word_1_154' title='bbox 1119 1580 1207 1610; x_wconf 86' lang='lat' dir='ltr'>non</span> <span class='ocrx_word' id='word_1_155' title='bbox 1235 1565 1318 1611; x_wconf 88' lang='lat' dir='ltr'>fert</span> <span class='ocrx_word' id='word_1_156' title='bbox 1345 1566 1507 1628; x_wconf 74' lang='lat' dir='ltr'>aliquid</span> 
     </span>
     <span class='ocr_line' id='line_1_21' title="bbox 223 1635 1504 1700; baseline 0.004 -20"><span class='ocrx_word' id='word_1_157' title='bbox 223 1650 279 1680; x_wconf 84' lang='lat' dir='ltr'>ex</span> <span class='ocrx_word' id='word_1_158' title='bbox 308 1635 454 1681; x_wconf 82' lang='lat' dir='ltr'>altero.</span> <span class='ocrx_word' id='word_1_159' title='bbox 503 1638 550 1682; x_wconf 87' lang='lat' dir='ltr'>In</span> <span class='ocrx_word' id='word_1_160' title='bbox 580 1636 659 1684; x_wconf 76' lang='lat' dir='ltr'>hac</span> <span class='ocrx_word' id='word_1_161' title='bbox 690 1637 895 1684; x_wconf 78' lang='lat' dir='ltr'>aviditate</span> <span class='ocrx_word' id='word_1_162' title='bbox 921 1636 1090 1700; x_wconf 86' lang='lat' dir='ltr'>generis</span> <span class='ocrx_word' id='word_1_163' title='bbox 1115 1637 1319 1695; x_wconf 79' lang='lat' dir='ltr'>humani,</span> <span class='ocrx_word' id='word_1_164' title='bbox 1350 1656 1426 1684; x_wconf 78' lang='lat' dir='ltr'>nae</span> <span class='ocrx_word' id='word_1_165' title='bbox 1457 1652 1504 1685; x_wconf 88' lang='lat' dir='ltr'>tu</span> 
     </span>
     <span class='ocr_line' id='line_1_22' title="bbox 223 1708 1503 1773; baseline 0.005 -21"><span class='ocrx_word' id='word_1_166' title='bbox 223 1708 355 1753; x_wconf 75' lang='lat' dir='ltr'>nimis</span> <span class='ocrx_word' id='word_1_167' title='bbox 380 1708 579 1756; x_wconf 73' lang='lat' dir='ltr'>fortunae</span> <span class='ocrx_word' id='word_1_168' title='bbox 598 1709 846 1758; x_wconf 80' lang='lat' dir='ltr'>communis</span> <span class='ocrx_word' id='word_1_169' title='bbox 869 1710 1032 1757; x_wconf 76' lang='lat' dir='ltr'>oblitus</span> <span class='ocrx_word' id='word_1_170' title='bbox 1051 1727 1118 1766; x_wconf 78' lang='lat' dir='ltr'>es,</span> <span class='ocrx_word' id='word_1_171' title='bbox 1147 1710 1222 1773; x_wconf 83' lang='lat' dir='ltr'>qui</span> <span class='ocrx_word' id='word_1_172' title='bbox 1250 1711 1419 1773; x_wconf 82' lang='lat' dir='ltr'>quaeris</span> <span class='ocrx_word' id='word_1_173' title='bbox 1439 1713 1503 1758; x_wconf 77' lang='lat' dir='ltr'>in·</span> 
     </span>
     <span class='ocr_line' id='line_1_23' title="bbox 222 1780 1502 1844; baseline 0.003 -17"><span class='ocrx_word' id='word_1_174' title='bbox 222 1791 289 1827; x_wconf 84' lang='lat' dir='ltr'>ter</span> <span class='ocrx_word' id='word_1_175' title='bbox 316 1780 526 1841; x_wconf 79' lang='lat' dir='ltr'>rapientes</span> <span class='ocrx_word' id='word_1_176' title='bbox 547 1781 819 1828; x_wconf 74' lang='lat' dir='ltr'>referentem.</span> <span class='ocrx_word' id='word_1_177' title='bbox 851 1781 893 1826; x_wconf 82' lang='lat' dir='ltr'>Si</span> <span class='ocrx_word' id='word_1_178' title='bbox 914 1781 1150 1843; x_wconf 79' lang='lat' dir='ltr'>indignaris</span> <span class='ocrx_word' id='word_1_179' title='bbox 1179 1781 1370 1844; x_wconf 80' lang='lat' dir='ltr'>ingratos</span> <span class='ocrx_word' id='word_1_180' title='bbox 1391 1784 1502 1831; x_wconf 79' lang='lat' dir='ltr'>effe:</span> 
     </span>
     <span class='ocr_line' id='line_1_24' title="bbox 223 1851 1503 1918; baseline 0.003 -19"><span class='ocrx_word' id='word_1_181' title='bbox 223 1851 446 1914; x_wconf 69' lang='lat' dir='ltr'>indignare</span> <span class='ocrx_word' id='word_1_182' title='bbox 463 1853 724 1909; x_wconf 78' lang='lat' dir='ltr'>luxuriosos,</span> <span class='ocrx_word' id='word_1_183' title='bbox 744 1853 970 1916; x_wconf 81' lang='lat' dir='ltr'>indignare</span> <span class='ocrx_word' id='word_1_184' title='bbox 987 1871 1159 1910; x_wconf 75' lang='lat' dir='ltr'>avaros,</span> <span class='ocrx_word' id='word_1_185' title='bbox 1181 1855 1402 1918; x_wconf 77' lang='lat' dir='ltr'>indignare</span> <span class='ocrx_word' id='word_1_186' title='bbox 1423 1857 1503 1903; x_wconf 86' lang='lat' dir='ltr'>im·</span> 
     </span>
     <span class='ocr_line' id='line_1_25' title="bbox 223 1925 1501 1990; baseline 0.005 -21"><span class='ocrx_word' id='word_1_187' title='bbox 223 1926 435 1985; x_wconf 86' lang='lat' dir='ltr'>pudicos,</span> <span class='ocrx_word' id='word_1_188' title='bbox 460 1926 685 1989; x_wconf 80' lang='lat' dir='ltr'>indignare</span> <span class='ocrx_word' id='word_1_189' title='bbox 711 1943 864 1990; x_wconf 79' lang='lat' dir='ltr'>aegros</span> <span class='ocrx_word' id='word_1_190' title='bbox 890 1925 1131 1981; x_wconf 79' lang='lat' dir='ltr'>deformes,</span> <span class='ocrx_word' id='word_1_191' title='bbox 1156 1925 1275 1972; x_wconf 87' lang='lat' dir='ltr'>senes</span> <span class='ocrx_word' id='word_1_192' title='bbox 1301 1927 1501 1988; x_wconf 70' lang='lat' dir='ltr'>pallidos.</span> 
     </span>
    </p>
   </div>
   <div class='ocr_carea' id='block_1_3' title="bbox 222 1997 1520 2061">
    <p class='ocr_par' dir='ltr' id='par_1_4' title="bbox 222 1997 1520 2061">
     <span class='ocr_line' id='line_1_26' title="bbox 222 1997 1520 2061; baseline 0.001 -15"><span class='ocrx_word' id='word_1_193' title='bbox 222 1997 295 2046; x_wconf 83' lang='lat' dir='ltr'>Est</span> <span class='ocrx_word' id='word_1_194' title='bbox 319 1997 428 2044; x_wconf 85' lang='lat' dir='ltr'>istud</span> <span class='ocrx_word' id='word_1_195' title='bbox 446 2015 579 2061; x_wconf 75' lang='lat' dir='ltr'>grave</span> <span class='ocrx_word' id='word_1_196' title='bbox 601 1999 755 2046; x_wconf 88' lang='lat' dir='ltr'>vitium</span> <span class='ocrx_word' id='word_1_197' title='bbox 770 2035 783 2056; x_wconf 91' lang='lat'>,</span> <span class='ocrx_word' id='word_1_198' title='bbox 804 1998 864 2045; x_wconf 92' lang='lat' dir='ltr'>est</span> <span class='ocrx_word' id='word_1_199' title='bbox 888 1997 1181 2054; x_wconf 75' lang='lat' dir='ltr'>intolerabile,</span> <span class='ocrx_word' id='word_1_200' title='bbox 1200 2013 1243 2045; x_wconf 82' lang='lat' dir='ltr'>et</span> <span class='ocrx_word' id='word_1_201' title='bbox 1268 1999 1390 2060; x_wconf 77' lang='lat' dir='ltr'>quod</span> <span class='ocrx_word' id='word_1_202' title='bbox 1409 1999 1497 2047; x_wconf 82' lang='lat' dir='ltr'>dis·</span> <span class='ocrx_word' id='word_1_203' title='bbox 1516 2004 1520 2009; x_wconf 76' lang='grc'><em>“</em></span> 
     </span>
    </p>
   </div>
   <div class='ocr_carea' id='block_1_4' title="bbox 212 2070 1499 2497">
    <p class='ocr_par' dir='ltr' id='par_1_5' title="bbox 220 2070 1499 2278">
     <span class='ocr_line' id='line_1_27' title="bbox 220 2070 1499 2134; baseline 0.004 -19"><span class='ocrx_word' id='word_1_204' title='bbox 220 2070 358 2116; x_wconf 86' lang='lat' dir='ltr'>societ</span> <span class='ocrx_word' id='word_1_205' title='bbox 382 2071 607 2125; x_wconf 83' lang='lat' dir='ltr'>homines,</span> <span class='ocrx_word' id='word_1_206' title='bbox 636 2072 759 2134; x_wconf 84' lang='lat' dir='ltr'>quod</span> <span class='ocrx_word' id='word_1_207' title='bbox 780 2071 1091 2127; x_wconf 74' lang='lat' dir='ltr'>concordiam,</span> <span class='ocrx_word' id='word_1_208' title='bbox 1119 2089 1202 2133; x_wconf 70' lang='lat' dir='ltr'>qua</span> <span class='ocrx_word' id='word_1_209' title='bbox 1227 2072 1499 2120; x_wconf 80' lang='lat' dir='ltr'>imbecillitas</span> 
     </span>
     <span class='ocr_line' id='line_1_28' title="bbox 222 2141 1497 2205; baseline 0 -16"><span class='ocrx_word' id='word_1_210' title='bbox 222 2141 364 2189; x_wconf 79' lang='lat' dir='ltr'>nostra</span> <span class='ocrx_word' id='word_1_211' title='bbox 384 2142 557 2189; x_wconf 82' lang='lat' dir='ltr'>fulcitur</span> <span class='ocrx_word' id='word_1_212' title='bbox 575 2178 588 2198; x_wconf 90' lang='lat'><em>‚</em></span> <span class='ocrx_word' id='word_1_213' title='bbox 612 2142 774 2188; x_wconf 80' lang='lat' dir='ltr'>scindat</span> <span class='ocrx_word' id='word_1_214' title='bbox 796 2160 846 2189; x_wconf 76' lang='lat' dir='ltr'>ac</span> <span class='ocrx_word' id='word_1_215' title='bbox 869 2141 1061 2203; x_wconf 80' lang='lat' dir='ltr'>diffipet:</span> <span class='ocrx_word' id='word_1_216' title='bbox 1083 2143 1153 2187; x_wconf 80' lang='lat' dir='ltr'>sed</span> <span class='ocrx_word' id='word_1_217' title='bbox 1172 2142 1302 2205; x_wconf 79' lang='lat' dir='ltr'>usque</span> <span class='ocrx_word' id='word_1_218' title='bbox 1320 2160 1375 2188; x_wconf 90' lang='lat' dir='ltr'>eo</span> <span class='ocrx_word' id='word_1_219' title='bbox 1397 2144 1497 2190; x_wconf 83' lang='lat' dir='ltr'>vul-</span> 
     </span>
     <span class='ocr_line' id='line_1_29' title="bbox 220 2215 1498 2278; baseline 0.003 -18"><span class='ocrx_word' id='word_1_220' title='bbox 220 2232 321 2278; x_wconf 76' lang='lat' dir='ltr'>gare</span> <span class='ocrx_word' id='word_1_221' title='bbox 342 2215 401 2261; x_wconf 85' lang='lat' dir='ltr'>est</span> <span class='ocrx_word' id='word_1_222' title='bbox 421 2251 433 2271; x_wconf 87' lang='lat'>,</span> <span class='ocrx_word' id='word_1_223' title='bbox 465 2215 632 2261; x_wconf 84' lang='lat' dir='ltr'>utillud</span> <span class='ocrx_word' id='word_1_224' title='bbox 659 2232 735 2261; x_wconf 87' lang='lat' dir='ltr'>nec</span> <span class='ocrx_word' id='word_1_225' title='bbox 760 2215 835 2277; x_wconf 83' lang='lat' dir='ltr'>qui</span> <span class='ocrx_word' id='word_1_226' title='bbox 866 2215 1061 2278; x_wconf 82' lang='lat' dir='ltr'>queritur</span> <span class='ocrx_word' id='word_1_227' title='bbox 1086 2215 1262 2277; x_wconf 82' lang='lat' dir='ltr'>quidem</span> <span class='ocrx_word' id='word_1_228' title='bbox 1288 2215 1498 2278; x_wconf 73' lang='lat' dir='ltr'>effugerit.</span> 
     </span>
    </p>

    <p class='ocr_par' dir='ltr' id='par_1_6' title="bbox 212 2288 1498 2497">
     <span class='ocr_line' id='line_1_30' title="bbox 285 2288 1498 2352; baseline -0.001 -18"><span class='ocrx_word' id='word_1_229' title='bbox 285 2289 499 2337; x_wconf 68' lang='lat' dir='ltr'><strong>Xxvm.</strong></span> <span class='ocrx_word' id='word_1_230' title='bbox 530 2289 690 2352; x_wconf 76' lang='lat' dir='ltr'>Cogita</span> <span class='ocrx_word' id='word_1_231' title='bbox 712 2301 879 2344; x_wconf 84' lang='lat' dir='ltr'>tecum,</span> <span class='ocrx_word' id='word_1_232' title='bbox 913 2305 964 2332; x_wconf 81' lang='lat' dir='ltr'>an</span> <span class='ocrx_word' id='word_1_233' title='bbox 988 2289 1320 2350; x_wconf 75' lang='lat' dir='ltr'>quibuscunque</span> <span class='ocrx_word' id='word_1_234' title='bbox 1346 2288 1498 2337; x_wconf 83' lang='lat' dir='ltr'>debui-</span> 
     </span>
     <span class='ocr_line' id='line_1_31' title="bbox 219 2361 1494 2424; baseline -0.001 -15"><span class='ocrx_word' id='word_1_235' title='bbox 219 2361 289 2414; x_wconf 83' lang='lat' dir='ltr'>sti,</span> <span class='ocrx_word' id='word_1_236' title='bbox 311 2363 491 2424; x_wconf 69' lang='lat' dir='ltr'>gratiam</span> <span class='ocrx_word' id='word_1_237' title='bbox 518 2364 732 2415; x_wconf 65' lang='lat' dir='ltr'>retuleris,</span> <span class='ocrx_word' id='word_1_238' title='bbox 752 2378 804 2406; x_wconf 80' lang='lat' dir='ltr'>an</span> <span class='ocrx_word' id='word_1_239' title='bbox 824 2362 988 2407; x_wconf 83' lang='lat' dir='ltr'>nullum</span> <span class='ocrx_word' id='word_1_240' title='bbox 1011 2377 1206 2423; x_wconf 70' lang='lat' dir='ltr'>unquam</span> <span class='ocrx_word' id='word_1_241' title='bbox 1225 2362 1336 2423; x_wconf 75' lang='lat' dir='ltr'>apud</span> <span class='ocrx_word' id='word_1_242' title='bbox 1362 2378 1402 2408; x_wconf 85' lang='lat' dir='ltr'>te</span> <span class='ocrx_word' id='word_1_243' title='bbox 1423 2379 1494 2424; x_wconf 76' lang='lat' dir='ltr'>pe·</span> 
     </span>
     <span class='ocr_line' id='line_1_32' title="bbox 212 2433 1486 2497; baseline -0.003 -14"><span class='ocrx_word' id='word_1_244' title='bbox 212 2434 333 2483; x_wconf 75' lang='lat' dir='ltr'>rierit</span> <span class='ocrx_word' id='word_1_245' title='bbox 353 2436 578 2497; x_wconf 72' lang='lat' dir='ltr'>officium,</span> <span class='ocrx_word' id='word_1_246' title='bbox 599 2453 652 2484; x_wconf 63' lang='lat' dir='ltr'>an</span> <span class='ocrx_word' id='word_1_247' title='bbox 680 2434 879 2484; x_wconf 76' lang='lat' dir='ltr'>omnium</span> <span class='ocrx_word' id='word_1_248' title='bbox 906 2448 944 2483; x_wconf 75' lang='lat' dir='ltr'>te</span> <span class='ocrx_word' id='word_1_249' title='bbox 965 2433 1284 2483; x_wconf 67' lang='lat' dir='ltr'>beneficiorum</span> <span class='ocrx_word' id='word_1_250' title='bbox 1314 2451 1486 2482; x_wconf 50' lang='lat' dir='ltr'>memoa-</span> 
     </span>
    </p>
   </div>
   <div class='ocr_carea' id='block_1_5' title="bbox 1718 2548 1742 2583">
    <p class='ocr_par' dir='ltr' id='par_1_7' title="bbox 1718 2548 1742 2583">
     <span class='ocr_line' id='line_1_33' title="bbox 1718 2548 1742 2583; baseline 0 -29"><span class='ocrx_word' id='word_1_251' title='bbox 1718 2548 1742 2583; x_wconf 42' lang='lat' dir='ltr'>st</span> 
     </span>
    </p>
   </div>
  </div>
 </body>
</html>
