1742 2967
284 215 372 262 ¹30
506 200 554 246 L.
607 199 906 245 ANNAEI
960 198 1323 245 SENECAE

275 317 339 353 tas
363 305 434 363 sit,
463 305 604 354 dicam
628 339 642 362 ‚
663 306 691 351 si
713 306 831 368 prius
859 306 952 363 illa,
973 323 1083 369 quae
1109 307 1163 353 ad
1188 324 1281 354 rem
1312 323 1401 353 non
1422 305 1557 370 perti·-

275 392 410 437 nent-,
434 378 642 426 transilire
672 378 778 425 milti
808 379 1065 442 permiseris.
1097 380 1214 425 Num
1247 377 1390 425 dicam
1424 394 1557 442 quare

276 468 362 502 tres
390 453 597 508 Gratiae,
627 465 668 499 et
691 469 825 515 quare
846 452 1022 499 sorores
1052 452 1161 510 fint,
1190 464 1231 499 et
1251 470 1384 516 quare
1416 452 1557 500 mani-

277 526 358 573 bus
384 516 608 588 implexis,
633 542 768 587 quare
801 526 1012 583 ridentes,
1036 525 1242 583 iuvenes,
1271 537 1312 571 et
1337 525 1558 588 virgines,

278 598 502 661 solutaque
524 615 572 644 ac
598 597 812 660 pellucida
835 597 980 644 veste?
1009 597 1093 643 Alii
1117 598 1293 661 quidem
1314 597 1459 646 videri
1477 614 1560 645 vo-

278 674 373 720 lunt
394 689 525 719 unam
549 673 655 729 effe,
682 689 791 736 quae
818 673 890 718 det
912 671 1200 718 beneficium:
1223 673 1399 720 alteram
1414 708 1426 730 ‚
1449 689 1559 735 quae

279 744 464 807 accipiat
487 761 497 788 :
530 743 729 803 tertiam,
759 761 869 807 quae
896 745 1060 791 reddat.
1090 745 1180 791 Alii
1207 744 1286 791 tria
1311 742 1559 792 beneficio-

278 833 375 864 rum
407 833 590 879 genera,
622 817 968 879 promerentium
987 852 1000 874 ,
1029 815 1331 871 reddentium,
1358 814 1483 862 simul
1514 829 1559 864 et

278 891 589 953 accipientium
619 892 997 954 reddendumque.
1017 892 1100 937 Sed
1126 891 1381 937 utrumlibet
1398 907 1451 936 ex
1472 889 1562 938 istis

280 963 566 1011 iudicaverim
587 984 594 1008 :
617 964 722 1026 quid
741 963 817 1010 ista
841 981 922 1011 nos
950 964 1072 1011 iuvat
1097 963 1305 1010 scientia?
1344 963 1466 1023 Quid
1493 963 1563 1008 ille

280 1038 488 1087 consertis
507 1037 707 1083 manibus
729 1037 773 1082 in
795 1037 835 1083 se
855 1038 1133 1083 redeuntium
1162 1035 1356 1082 chorus?
1379 1036 1453 1081 Ob
1473 1036 1561 1083 hoc

281 1111 382 1174 quia
409 1111 523 1156 ordo
561 1108 763 1156 beneficii
797 1125 872 1171 per
904 1127 1057 1156 manus
1089 1109 1373 1167 transeuntis,
1402 1108 1565 1155 nihilo-

282 1183 426 1229 minus
453 1181 505 1227 ad
534 1183 707 1228 dantem
731 1182 993 1240 revertitur,
1017 1194 1059 1227 et
1089 1182 1222 1227 totius
1250 1181 1432 1244 speciem
1462 1198 1568 1244 per·

282 1255 345 1301 dit
362 1291 376 1312 ,
401 1254 430 1300 fi
455 1271 638 1318 usquam
668 1255 935 1316 interruptus
955 1254 1041 1300 est:
1064 1254 1405 1316 pulcherrimus,
1432 1256 1461 1301 s1
1488 1271 1567 1303 co·-

282 1329 440 1385 haesit,
471 1341 513 1375 et
545 1327 664 1375 vices
697 1327 899 1374 servavit.
933 1327 1039 1373 ldeo
1070 1327 1258 1373 ridentes
1287 1345 1297 1372 :
1329 1328 1431 1390 quia
1462 1345 1568 1391 pro-

283 1402 542 1448 merentium
562 1401 706 1448 vultus
729 1401 888 1446 hilares
914 1400 1034 1457 sunt,
1056 1398 1203 1462 quales
1225 1399 1363 1446 solent
1383 1400 1468 1447 effe
1489 1401 1569 1464 qui

284 1476 409 1532 dant,
428 1476 499 1523 vel
521 1474 744 1537 accipiunt
763 1473 988 1520 beneficia.
1010 1475 1196 1519 iuvenes
1219 1489 1228 1518 :
1253 1473 1355 1535 quia
1378 1491 1468 1520 non
1487 1476 1569 1522 de·-

285 1545 356 1596 bet
375 1547 696 1595 beneficiorum
719 1546 933 1594 memoria
953 1544 1184 1592 senescere,
1205 1545 1409 1609 Virgines
1433 1565 1444 1593 ε
1466 1549 1570 1611 quia

286 1622 546 1684 incorrupta
576 1621 700 1678 sunt,
728 1632 770 1667 et
808 1620 993 1676 sincera,
1032 1630 1074 1664 et
1104 1618 1310 1665 omnibus
1337 1619 1491 1667 saneta.
1520 1623 1572 1668 In

285 1694 445 1745 ouibus
469 1693 575 1740 nihil
598 1693 682 1740 effe.
703 1693 860 1755 alligati
881 1693 1029 1749 decet,
1057 1709 1136 1738 nec
1157 1691 1357 1755 adscripti
1379 1711 1389 1739 ε
1419 1692 1570 1740 solutis

286 1766 433 1830 iraque
465 1766 622 1813 tunicis
659 1773 866 1812 utuntur:
903 1764 1129 1827 pellucidis
1157 1776 1333 1820 autem3
1361 1764 1462 1827 quia
1498 1765 1575 1812 be·-

286 1858 337 1886 ne
348 1839 442 1887 ficia
473 1838 671 1902 conspici
690 1839 858 1886 volunt.
894 1839 954 1884 Sit
978 1838 1131 1901 aliquis
1148 1854 1285 1901 usque
1314 1855 1370 1884 eo
1392 1838 1572 1885 Graecis

288 1913 609 1976 emancipatus,
634 1924 681 1958 ut
709 1913 815 1958 haec
841 1911 955 1958 dicat
980 1911 1212 1958 necessaria
1233 1928 1244 1956 ε
1269 1927 1401 1957 nemo
1425 1923 1573 1958 tamen

288 1986 400 2043 erit,
421 1985 496 2047 qui
520 1985 650 2030 etiam
672 1983 778 2029 illud
802 1983 856 2028 ad
884 2001 974 2030 rem
1007 1983 1168 2029 iudicet
1191 1983 1430 2044 pertinere,
1460 2000 1573 2047 quae

290 2058 471 2105 nomina
487 2057 567 2103 illis
596 2055 810 2103 Hesiodus
838 2056 1108 2118 imposuerit.
1130 2054 1314 2118 Aglaian
1339 2056 1574 2104 maximam

290 2142 394 2176 natu
416 2128 675 2191 appellavit,
699 2129 886 2176 mediam
906 2128 1258 2192 Euphrosynen,
1275 2130 1445 2176 tertiam
1466 2130 1577 2177 Tha-

289 2199 391 2247 lian.
432 2202 604 2247 Horum
637 2201 866 2247 nominum
898 2201 1339 2264 interpretationem,
1371 2215 1415 2249 et
1439 2217 1577 2265 prout

290 2274 449 2338 cuique
473 2274 616 2323 visum
645 2275 705 2322 est
721 2310 735 2332 ,
766 2273 954 2322 deflectit
969 2312 981 2333 ,
1004 2291 1047 2322 et
1066 2276 1119 2321 ad
1139 2275 1358 2323 rationem
1384 2277 1575 2339 aliquam

291 2364 474 2395 conatur
501 2351 740 2409 perducere
763 2368 773 2396 :
797 2368 896 2397 cum
920 2350 1138 2396 Hesiodus
1159 2350 1312 2411 puellis
1331 2351 1436 2407 suis,
1455 2349 1578 2412 quod

290 2422 456 2480 voluit,
479 2439 640 2469 nomen
660 2423 932 2486 imposuerit.
961 2426 1108 2487 ltaque
1129 2424 1349 2470 Homerus
1377 2421 1452 2469 uni
1476 2439 1577 2468 mu-

288 2495 429 2555 tavit,
455 2494 678 2544 Pasithean
700 2496 939 2560 appellavit
959 2532 975 2558 ,
994 2510 1039 2546 et
1062 2495 1107 2544 in
1128 2495 1457 2545 matrimonium
1477 2509 1577 2558 pro-3
