1742 2967
378 151 480 233 m:
524 187 964 234 BENEFICHS
1009 190 1267 237 Ltss.1v.
1370 208 1456 239 ω

186 304 342 340 ventae
367 294 605 339 terminum
633 311 816 356 ponens.
848 295 971 340 Infita
996 295 1091 342 sunt
1112 296 1239 342 nobis
1264 297 1463 343 omnium

185 379 372 413 aetatum
386 403 398 425 ‚
420 367 710 431 omniumque
733 369 888 414 artium
910 367 1090 427 semina,
1109 369 1391 433 magisterque
1411 386 1466 416 ex

186 440 366 486 occulto
398 440 520 485 Deus
553 441 757 501 producit
784 442 973 504 ingenia.

253 514 344 558 VII.
374 512 564 568 Natura,
582 512 750 574 inquit,
774 513 880 559 haec
910 512 1016 559 mihi
1043 511 1240 575 praestat.
1271 515 1377 560 Non
1399 513 1489 578 iffi,

190 583 350 646 telligis
383 595 453 640 te,
490 601 592 630 cum
629 586 718 631 hoc
751 585 890 643 dicis,
924 599 1092 634 mutare
1126 602 1290 632 nomen
1326 586 1470 633 Deo?

188 658 314 718 Quid
347 658 465 704 enim
486 658 599 705 aliud
621 659 681 706 est
708 670 857 705 natura
872 695 884 715 ‚
916 675 1046 722 quam
1069 660 1191 706 Deus
1220 695 1233 715 ‚
1253 673 1295 706 et
1317 661 1468 708 divina

187 728 327 784 ratio,
355 728 440 774 toti
470 730 638 775 mundo
661 745 703 776 et
729 730 919 791 partibus
946 731 1038 776 eius
1064 730 1253 777 inserta?
1281 731 1471 791 Quoties

187 802 338 859 v'oles,
362 802 438 849 tibi
464 803 564 849 licet
586 803 705 850 aliter
731 805 848 850 hunc
878 805 1101 850 auctorem
1130 819 1274 851 rerum
1303 804 1472 850 nostra-1

188 884 295 920 rum
316 875 595 936 compellare.
615 887 656 921 et
682 876 837 922 Iovem
862 875 983 921 illum
1006 877 1224 938 optimum
1255 894 1304 923 ac
1331 878 1471 924 maxi-

188 954 311 993 m'um
333 948 415 994 rite
443 948 559 995 dices
574 984 587 1005 ‚
612 963 654 994 et
679 960 904 994 tonantem
922 984 936 1006 ‚
955 961 998 995 et
1025 949 1228 995 statorem
1251 967 1261 995 :
1283 949 1360 1011 qui
1376 966 1470 995 non

191 1019 264 1083 (ut
285 1020 473 1066 historici
496 1023 787 1082 tradiderunt)
803 1039 855 1068 ex
875 1039 930 1069 eo
949 1023 1071 1085 quod
1093 1022 1189 1084 post
1208 1034 1362 1068 votum
1380 1022 1475 1068 sus-z

191 1105 364 1156 ceptum
412 1095 523 1141 acies
548 1097 862 1142 vRomanorum
911 1096 1169 1158 fugientium
1215 1095 1328 1141 stetit
1345 1130 1358 1150 ‚
1397 1095 1472 1142 sed

133 1164 148 1172 ⁶
190 1169 312 1232 quod
345 1168 452 1215 stant
480 1168 697 1216 beneficio
729 1170 822 1216 eius
852 1171 1029 1226 omnia,
1052 1169 1215 1227 flator,
1237 1168 1474 1216 stabilitor-

191 1257 276 1305 que
291 1240 359 1287 'est
381 1259 390 1287 :
411 1241 528 1288 hunc
549 1243 735 1289 eundem
754 1255 797 1289 et
816 1242 954 1289 fatum
980 1242 1009 1288 fi
1029 1242 1188 1288 dixeris
1202 1277 1215 1299 ,
1236 1258 1327 1287 non
1348 1257 1474 1287 men-

191 1315 325 1362 tieris.
360 1332 457 1360 nam
489 1333 590 1362 cum
625 1316 763 1363 fatum
794 1316 899 1362 nihil
927 1316 1039 1361 aliud
1071 1314 1149 1372 sit,
1180 1331 1310 1377 quam
1345 1313 1473 1360 series

190 1389 382 1452 implexa
411 1391 654 1446 causarum,
676 1389 745 1435 ille
769 1388 829 1445 est
854 1389 996 1451 prima
1021 1388 1222 1434 omnium
1245 1387 1368 1433 causa
1384 1422 1396 1443 ‚
1418 1402 1472 1432 ex

192 1478 278 1523 qua
305 1476 473 1507 ceterae
499 1461 703 1522 pendent.
735 1462 1038 1520 Quaecunque
1058 1458 1181 1506 voles
1204 1458 1265 1504 illi
1290 1457 1473 1503 nomina

195 1533 377 1596 proprie
395 1533 575 1595 aptabis,
594 1531 685 1579 vim
702 1533 886 1594 aliquam
906 1531 1196 1594 effeciumque
1217 1530 1472 1578 coelestium

194 1622 339 1652 rerum
360 1605 639 1652 continentia.
657 1607 749 1652 Tot
768 1605 1077 1668 appellationes
1099 1606 1191 1652 eius
1213 1603 1388 1667 poffunt
1405 1601 1472 1650 es·-

194 1679 263 1736 se,
290 1690 400 1739 quot
425 1691 618 1724 munera.

261 1754 378 1797 VIII.
421 1752 551 1798 Hunc
586 1764 630 1797 et
659 1751 864 1798 Liberum
896 1759 1064 1814 patrem
1082 1787 1095 1809 ‚
1128 1762 1171 1797 et
1200 1750 1437 1798 Herculem
1456 1776 1473 1804 ‚

197 1841 246 1873 ac
277 1826 546 1873 Mercurium
572 1825 706 1872 nostri
732 1838 894 1888 putant.
925 1826 1129 1871 Liberum
1158 1837 1350 1886 patrem:
1373 1825 1475 1887 quia

198 1898 395 1946 omnium
415 1888 576 1962 ‘parens
597 1899 667 1957 fit,
695 1901 819 1963 quod
839 1901 892 1946 ab
919 1917 975 1947 eo
1001 1900 1190 1961 primum
1218 1896 1395 1959 inventa
1413 1897 1477 1944 se·

200 1971 368 2028 minum
388 1972 455 2019 vis
474 1972 562 2031 est,
591 1973 839 2021 consultura
872 1991 950 2035 per
979 1975 1266 2034 voluptatem.
1304 1974 1476 2018 Hercu-

198 2047 283 2093 lem
308 2062 318 2093 :
341 2048 442 2109 quia
473 2047 541 2094 vis
560 2047 652 2094 eius
667 2047 827 2095 invicia
847 2048 924 2102 fit,-
952 2048 1216 2111 quandoque
1242 2046 1386 2093 lassata
1404 2045 1476 2092 fu<

200 2116 282 2164 erit
300 2117 506 2179 operibus
521 2118 643 2166 editis
659 2155 673 2177 ‚
693 2119 735 2165 in
757 2120 900 2183 ignem
922 2119 1146 2167 receffura.
1175 2119 1444 2166 Mercurium
1460 2133 1476 2164 ι

201 2190 302 2253 quia
330 2190 442 2236 ratio
475 2208 605 2253 penes
633 2192 753 2238 illum
785 2192 872 2248 est,
903 2209 1223 2255 numerusque,
1252 2202 1295 2237 et
1325 2191 1439 2237 ordo
1461 2225 1477 2247 ‚

201 2273 244 2308 et
279 2261 465 2308 scientia.
506 2264 790 2326 Quocunque
832 2279 875 2310 te
910 2264 1107 2319 flexeris,
1148 2263 1206 2309 ibi
1247 2262 1367 2308 illum
1407 2262 1477 2308 vif·

202 2333 323 2380 debis
354 2347 662 2381 occurrentem
698 2336 788 2381 tibi.
825 2335 930 2382 nihil
961 2335 1015 2382 ab
1049 2335 1124 2382 illo
1159 2337 1284 2381 va'cat
1317 2351 1328 2381 :
1362 2351 1479 2397 opus

202 2407 324 2453 suum
342 2405 431 2468 ipse
463 2406 628 2469 implet.
651 2409 770 2470 Ergo
788 2405 893 2454 nihil
923 2408 1011 2470 agis
1027 2442 1039 2464 ‚
1057 2406 1334 2469 ingratiffime
1352 2419 1481 2453 mor·

201 2482 380 2544 talium,
409 2483 485 2546 qui
502 2495 544 2532 te
568 2498 696 2547 negas
716 2484 822 2532 Deo
839 2482 997 2531 debere
1011 2518 1028 2540 ‚
1045 2482 1347 2592 sedeaaturae:
1375 2482 1477 2545 quia

636 2577 638 2581 -
1192 2563 1217 2593 ι.
