1742 2967
341 203 399 250 82
565 204 612 248 L.
665 205 966 250 ΑΝΝἈΕΙ
1023 204 1379 252 SENECAE

334 309 452 354 *nitio
479 308 633 355 summi
663 309 768 355 boni
789 308 887 355 alias
913 308 1094 355 diffundi
1121 311 1259 372 potest
1283 324 1326 358 et
1351 311 1603 376 expett-{gij

336 382 440 428 alias
459 381 628 444 colligi,
641 394 684 426 et
703 382 746 426 in
763 381 803 428 se
823 383 935 444 cogi.
951 384 1066 431 Idem
1085 383 1232 445 utique
1252 386 1354 443 erit,
1372 385 1401 431 fi
1419 386 1599 434 dixero:

332 456 560 499 Summum
595 454 761 498 bonum
789 452 876 509 est,
928 454 1093 499 animus
1121 454 1297 502 fortuita
1332 457 1568 520 despiciens
1589 493 1604 516 ‚

288 522 291 528 ¹
336 526 496 572 virtute
516 527 674 575 laetus;
707 536 777 570 aut
794 559 807 582 ‚
827 525 989 570 Invicta
1008 526 1074 571 vis
1092 526 1250 584 animi,
1268 529 1405 591 perita
1427 547 1570 576 rerum
1586 566 1600 589 ,

332 599 498 661 placida
517 598 560 643 in
586 598 681 644 actu
700 632 715 654 ‚
744 613 842 642 cum
867 597 1127 643 humanitate
1153 599 1310 657 multa,
1337 613 1380 647 et
1409 618 1600 649 conver-

333 674 513 719 santium
544 690 657 719 cura.
690 673 814 719 Libet
837 686 879 719 et
898 673 956 722 ixa
977 672 1156 719 definire
1172 708 1185 729 ,
1214 686 1260 719 ut
1289 675 1456 720 beatum
1478 676 1598 722 dica·

333 762 429 791 mus
461 746 686 792 hominem
714 763 811 791 eum
829 780 841 801 ‚
869 744 938 791 cui
968 746 1131 790 nullum
1154 746 1318 791 bonum
1351 749 1598 810 malumque

333 819 415 875 fit,
452 818 527 863 nisi
563 818 704 864 bouus
739 818 958 880 malusque
991 817 1192 864 animus:
1230 819 1396 866 honesti
1433 821 1599 877 cultor,

331 889 491 934 virtute
512 902 766 946 contentus,
801 904 928 950 quem
950 903 1028 933 nec
1049 889 1255 935 extollant
1282 889 1459 936 fortuita
1471 882 1491 947 ,'
1518 909 1599 941 nec

328 962 558 1022 frangant:
591 962 664 1025 qui
702 962 865 1007 nullum
900 961 1034 1007 maius
1061 962 1227 1006 bonum
1252 978 1335 1016 eo,
1366 964 1490 1025 quod
1521 964 1598 1010 fibi

327 1033 418 1095 ipse
447 1034 547 1079 dare
576 1033 744 1095 potest,
779 1032 977 1085 noverim
1014 1031 1083 1077 cui
1111 1049 1222 1078 <vera
1256 1034 1460 1095 voluptas
1484 1036 1596 1091 erit,

328 1108 604 1167 voluptatum
626 1106 886 1153 contemtio.
912 1105 1056 1161 Licet,
1077 1104 1105 1149 si
1125 1107 1296 1167 evagari
1319 1107 1448 1164 velis,
1479 1107 1595 1154 idem

326 1179 370 1226 in
392 1180 516 1224 aliam
543 1192 672 1241 atque
693 1179 815 1223 aliam
845 1176 1031 1233 faciem,
1064 1176 1176 1222 salva
1207 1188 1249 1222 et
1278 1177 1441 1240 integra
1468 1192 1597 1240 pote-

327 1251 457 1304 state,
491 1248 735 1296 transferre.
766 1248 889 1308 Quid
925 1248 1044 1293 enim
1079 1248 1282 1309 prohibet
1318 1264 1399 1294 nos
1428 1248 1597 1297 beatam

327 1325 466 1368 vitam
491 1324 634 1368 dicere
649 1358 663 1379 ,
686 1321 868 1366 liberum
888 1320 1078 1368 animum
1093 1355 1106 1377 ‚
1139 1331 1180 1365 et
1205 1321 1389 1367 ereetum
1407 1353 1421 1377 ‚
1454 1338 1496 1368 et
1527 1322 1597 1367 in-

328 1397 527 1444 territum
554 1413 602 1442 ac
629 1394 817 1440 stabilem
834 1429 847 1450 ,
873 1405 989 1438 extra
1013 1405 1178 1438 metum
1195 1428 1207 1447 ‚
1237 1406 1355 1440 extra
1385 1395 1598 1456 cupidita-

313 1481 414 1515 ·tem
435 1468 618 1530 positum
637 1473 653 1512 ἓ
674 1467 744 1513 cui
762 1482 894 1512 unum
916 1467 1080 1511 bonum
1100 1466 1324 1524 honestas,
1351 1484 1484 1512 unum
1504 1483 1596 1513 ma-

327 1543 416 1588 lum
431 1541 687 1603 turpitudo?
708 1541 867 1585 Cetera
887 1538 986 1585 vilis
1006 1538 1128 1584 turba
1149 1554 1291 1584 rerum
1309 1575 1323 1597 ,
1353 1556 1433 1586 nec
1451 1540 1597 1586 detra-

327 1614 432 1660 hens
462 1614 696 1676 quidquam
724 1613 870 1657 heatae
890 1611 1027 1664 vitae,
1055 1627 1135 1656 nec
1154 1611 1360 1658 adiiciens
1374 1648 1388 1669 ‚
1408 1613 1494 1658 fine
1513 1629 1594 1659 au-

328 1685 400 1730 &u
424 1700 472 1730 ac
495 1684 760 1729 detrimento
779 1681 932 1728 summi
957 1681 1063 1727 boni
1093 1681 1272 1729 veniens
1297 1699 1347 1730 ac
1372 1685 1594 1732 recedens.

327 1758 457 1802 Hunc
485 1755 542 1801 ita
560 1755 785 1802 fundatum
810 1753 976 1800 necesse
993 1753 1079 1808 est,
1111 1755 1214 1802 velit
1232 1755 1370 1814 nolit,
1395 1757 1594 1820 sequatur

326 1826 513 1873 hilaritas
533 1826 765 1884 continua,
796 1841 839 1873 et
868 1825 1028 1871 laetitia
1053 1825 1135 1871 alta
1155 1840 1284 1889 atque
1312 1843 1367 1873 ex
1395 1828 1484 1874 alto
1511 1846 1594 1875 ve-

325 1899 470 1951 niens,
498 1911 546 1942 ut
570 1913 681 1959 quae
703 1896 727 1942 s
725 1897 787 1942 uis
811 1897 1022 1960 gaudeat,
1052 1912 1132 1942 nec
1153 1899 1319 1943 maiora
1344 1899 1594 1947 domesticis

325 1974 487 2036 cupiat.
517 1973 687 2033 Quidni
710 1972 786 2018 ista
806 1971 953 2034 penset
972 1971 1081 2018 bene
1105 1988 1204 2017 cum
1228 1973 1430 2030 minutis,
1455 1987 1497 2020 et
1515 1975 1595 2021 sri-

329 2047 474 2103 volis,
505 2060 547 2093 et
578 2063 668 2092 non
687 2045 1061 2109 perseverantibus
1086 2045 1330 2108 corpusculi
1362 2048 1592 2094 motibus?

328 2134 422 2179 quo
453 2118 522 2164 die
553 2117 664 2163 infra
691 2116 963 2179 voluptatem
989 2115 1145 2174 fuerit,
1180 2131 1224 2163 et
1253 2117 1363 2163 infra
1393 2119 1593 2164 dolorem

324 2190 419 2236 erit.
454 2242 467 2247 ,-

389 2266 444 2309 V.
467 2262 601 2311 Vides
625 2276 767 2310 autem
785 2297 798 2318 ,
827 2278 957 2325 quam
976 2261 1129 2307 malam
1151 2272 1194 2307 et
1213 2261 1388 2308 noxiam
1409 2261 1592 2309 servitu-

325 2344 412 2380 tem
431 2334 663 2381 serviturus
682 2336 754 2391 lit,
784 2352 914 2397 quem
938 2334 1186 2395 voluptates
1209 2335 1467 2397 doloresque
1482 2367 1496 2388 ,
1519 2336 1588 2380 in-

327 2406 554 2452 certissima
572 2408 763 2453 dominia
778 2443 790 2464 ‚
807 2407 1262 2470 impotentiffimaque‚
1280 2408 1449 2453 alternis
1467 2408 1591 2469 potii-

326 2477 506 2524 debunt.
542 2481 656 2541 Ergo
676 2480 921 2526 exeundum
941 2479 994 2524 ad
1018 2479 1257 2525 libertatem
1276 2480 1348 2527 est.
1371 2480 1480 2527 hanc
1499 2496 1590 2528 non
