1742 2967
381 208 483 255 DE
529 197 980 254 BENEMCMS
1023 210 1150 256 LIB.
1202 212 1275 257 ιν.
1376 227 1467 275 219

135 317 138 321 ’
189 320 328 374 Puto,
347 331 534 379 nequam
564 315 792 363 hominem
820 314 1058 369 existimas;
1088 315 1155 361 cui
1181 332 1351 377 poena,
1368 333 1466 363 non

189 392 263 439 cui
280 402 482 437 curatore
501 406 612 452 opus
625 389 673 435 sit
686 409 694 435 :
708 390 830 452 quod
849 407 937 435 non
957 390 1188 442 accideret,
1206 388 1281 434 nifi
1300 401 1463 450 gratum

187 463 271 509 effe
291 479 366 524 per
384 462 424 508 se
443 461 754 522 expetendum,
776 460 1092 522 honestumque
1109 461 1224 507 effer.
1254 461 1350 505 Alia
1376 460 1468 506 for-

189 534 294 582 taffe
313 534 454 580 minus
470 535 719 596 dignitatem
739 534 855 579 suam
873 532 1118 596 praestruxit
1132 569 1146 589 ,
1163 549 1205 580 et
1219 551 1270 579 an
1290 532 1368 578 sint
1385 534 1467 579 ho-

190 607 333 662 nesta,
366 607 602 668 interprete
636 619 763 669 egent
794 624 804 652 τ
836 608 922 653 hoc
960 607 1204 668 expositum
1239 606 1326 661 est,
1362 605 1464 667 pul-

191 679 449 741 chriusque,
481 696 611 741 quam
642 690 688 724 ut
721 678 926 739 splendor
957 679 1047 724 eius
1076 679 1205 737 dubie
1238 697 1286 725 ae
1316 695 1465 739 parum

189 751 343 798 luceat,
378 752 498 812 Quid
526 764 614 797 tam
646 750 856 795 laudabile
875 785 888 806 ,
913 751 1020 812 quid
1055 765 1138 795 tam
1169 753 1398 813 aequaliter
1423 752 1468 797 in

190 823 391 869 omnium
419 823 588 870 animos
615 838 867 885 receptum,
893 839 1025 886 quam
1046 822 1208 870 referre
1240 825 1349 870 bene
1379 840 1468 870 me-

190 894 285 941 ritis
303 894 483 958 gratiam
500 895 518 941 ?
1530 946 1540 954 ·

255 968 401 1014 XVu.
430 967 498 1013 Ad
516 967 626 1024 hoc,
652 967 723 1014 dic
750 968 885 1023 mihi,
914 985 1025 1032 quae
1050 969 1170 1014 causa
1201 985 1281 1015 nos
1307 968 1467 1030 perdu-

191 1039 282 1086 cit?
321 1041 547 1087 Lucrum?
580 1042 705 1103 quod
738 1042 813 1102 qui
850 1058 937 1088 non
973 1042 1243 1098 contemnit,
1277 1041 1467 1104 ingratus

191 1112 266 1159 est.
297 1113 520 1159 Ambitio?
550 1124 591 1158 et
615 1128 724 1175 quae
747 1112 916 1157 iastatio
941 1112 1000 1157 est
1029 1111 1199 1158 solvisse
1215 1147 1227 1169 ‚
1251 1112 1372 1173 quod
1392 1112 1469 1156 de-

191 1188 322 1234 bebas
339 1188 357 1234 ?
377 1188 554 1235 Metus?
578 1188 717 1234 nullus
737 1187 907 1250 ingrato
923 1185 1047 1232 :huic
1068 1186 1180 1231 enim
1202 1186 1272 1230 uni
1294 1185 1355 1230 rei
1376 1200 1467 1229 non

191 1260 417 1324 posuimus
435 1261 593 1324 legem,
610 1273 814 1323 tanquam
838 1259 934 1306 satis
960 1272 1106 1304 natura
1127 1257 1316 1304 caviffet.
1338 1258 1467 1315 Quo-

192 1335 335 1381 modo
359 1335 477 1380 nulla
494 1335 563 1381 lex
581 1351 725 1380 amare
746 1346 968 1396 parentes,
989 1333 1210 1395 indulgere
1237 1329 1382 1376 liberis
1403 1330 1469 1375 iu-

194 1406 267 1452 bet
290 1425 301 1451 :
328 1406 643 1468 supervacuum
668 1406 727 1452 est
747 1405 885 1462 enim,
912 1405 955 1449 in
976 1405 1097 1466 quod
1121 1407 1231 1448 imus
1251 1437 1265 1459 ‚
1291 1401 1471 1462 impelli.

194 1479 587 1539 Quemadmodum
611 1495 743 1525 nemo
773 1478 818 1524 in
855 1494 1049 1523 amorem
1080 1477 1140 1522 sui
1173 1474 1470 1522 cohortandus

189 1552 279 1609 est,
309 1567 444 1615 quem
472 1553 583 1598 adeo
608 1551 714 1597 dum
739 1549 925 1596 nascitur
949 1550 1106 1596 trahit:
1134 1549 1192 1594 ita
1219 1564 1274 1593 ne
1301 1547 1354 1591 ad
1384 1545 1471 1591 hoc

194 1626 402 1689 quidem,
429 1639 475 1673 ut
510 1625 687 1673 honesta
713 1641 790 1687 per
813 1624 854 1671 se
888 1635 1015 1687 petat.
1049 1622 1188 1668 Placet
1215 1620 1363 1681 suapte
1397 1637 1472 1665 na·-

195 1714 292 1747 tura
315 1718 326 1745 :
344 1701 542 1763 adeoque
560 1699 744 1763 gratiosa
763 1699 899 1745 virtus
917 1697 999 1750 est,
1019 1708 1066 1741 ut
1085 1695 1254 1740 infitum
1271 1694 1319 1738 fit
1342 1692 1469 1738 etiam

196 1775 350 1831 malis,
383 1774 572 1837 probare
606 1772 800 1819 meliora.
837 1770 946 1831 Quis
978 1770 1056 1824 est,
1089 1769 1175 1831 qui*
1196 1784 1283 1812 non
1306 1765 1472 1813 benefi-

197 1864 272 1894 cus
307 1847 458 1895 videri·
488 1845 628 1894 velit?
665 1845 741 1908 qui
773 1861 862 1890 non
895 1844 1005 1888 inter
1041 1842 1197 1887 scelera
1226 1852 1268 1885 et
1294 1839 1472 1883 iniurias

197 1920 459 1983 opinionem
483 1919 687 1966 bonitalis
712 1917 877 1963 affeCoet
896 1915 912 1962 ?
940 1915 1013 1978 qui
1033 1931 1123 1959 non
1144 1912 1244 1974 ipsis
1260 1927 1368 1974 quae
1388 1911 1472 1956 im-
1495 1918 1497 1923 “

198 1992 495 2054 potentiffime
515 1991 642 2047 fecit,
663 1990 848 2051 speciem
868 1988 1052 2049 aliquam
1074 1987 1222 2031 induat
1242 1983 1375 2030 reffi?
1396 2000 1472 2028 ve-

198 2064 245 2110 lit
269 2081 449 2129 quoque
469 2078 511 2111 et
537 2065 587 2111 iis
606 2064 744 2110 videri
763 2060 1025 2108 beneficium
1048 2058 1233 2115 dediffe‚
1253 2073 1365 2118 quos
1384 2055 1473 2100 lae·

199 2136 277 2183 fit.
267 2136 284 2171 ἶ
329 2138 500 2183 Gratias
529 2137 673 2199 itaque
707 2138 772 2199 agi
802 2135 878 2180 fibi
907 2137 958 2180 ab
987 2135 1076 2188 his,
1106 2149 1218 2196 qums
1247 2132 1435 2176 afflixere
1456 2160 1471 2183 ,

200 2209 460 2271 patiuntur:
487 2211 716 2271 bonosque
731 2177 792 2254 U{e
823 2224 870 2254 ac
908 2207 1101 2253 liberales
1134 2204 1332 2266 fingunt,
1368 2202 1472 2265 quia

200 2281 415 2342 praestare
446 2298 534 2327 non
566 2283 755 2343 possunt.
786 2280 924 2340 Quod
956 2295 1045 2324 non
1074 2278 1240 2324 facere·u
1228 2289 1287 2333 i‚t
1326 2275 1473 2321 ninil-

200 2353 268 2399 los
288 2353 455 2399 honesti
475 2366 519 2399 et
542 2370 620 2414 per
645 2352 683 2397 se
709 2350 935 2413 expetendi
956 2360 1303 2410 amorcogeret,
1331 2346 1470 2391 mori-

203 2424 282 2471 bus
306 2425 387 2471 suis
416 2425 672 2486 opinionem
699 2423 960 2469 contrariam
989 2437 1219 2483 quaerere,
1250 2430 1291 2465 et
1315 2417 1471 2481 nequi-

203 2496 308 2545 tiam
328 2497 512 2556 abdere,
549 2496 669 2545 cuius
695 2496 854 2544 {rufius
876 2493 1202 2556 concupiscitur
1217 2527 1230 2550 ‚
1255 2490 1342 2553 ipsa
1365 2507 1474 2538 vero
