1742 2967
285 210 374 259 294
538 198 587 243 L.
629 185 928 243 ANNAEI
976 197 1342 243 SENECAE

279 302 329 349 fit
349 303 594 350 dandorum
616 301 929 349 beneficiorum
958 302 1127 365 inopia,
1159 303 1359 348 datorum
1390 301 1547 364 poeni·-

280 375 426 422 tentia.
447 376 655 422 Naturam
677 392 755 438 per
774 376 815 422 se
846 391 1029 437 pronam
1049 376 1103 421 ad
1132 374 1464 432 humanitatem,
1494 373 1548 420 ad

279 447 621 495 misericordiam
638 485 653 506 ,
684 464 726 495 et
751 448 1024 496 clementiam
1042 484 1055 505 ‚
1085 448 1223 496 irritet
1250 465 1299 495 ac
1329 463 1548 510 provocet

276 522 400 568 turba
424 534 681 584 gratorum:
706 539 818 586 quos
841 522 902 568 illi
931 535 972 567 et
1002 521 1159 567 habere
1189 521 1443 584 contingat,
1469 537 1547 567 nec

276 594 466 656 experiri
485 595 650 642 necess'e
668 595 729 642 fit.
747 596 838 658 Ipse
855 595 958 641 nulli
977 593 1258 668 implacabssis
1276 593 1351 648 sit,
1372 592 1449 655 ipfi
1470 609 1547 639 ne-

277 683 354 712 mo
381 667 627 729 placandus.
650 680 734 713 tam
753 666 950 730 aequali
940 685 984 712 m
1003 683 1103 713 eum
1126 655 1302 711 fortuna
1319 666 1546 728 indulgen-

276 739 335 785 tia
354 739 623 801 perseveret,
639 756 686 787 ut
707 757 839 787 nemo
855 740 899 785 in
917 740 1038 786 illum
1058 739 1188 801 possit
1203 724 1311 796 effe,
1343 738 1419 784 nist
1437 754 1545 785 con-

277 812 452 860 scientia
473 825 629 876 gratus.
647 815 829 873 Quanto
850 813 957 859 haec
974 812 1150 859 iustiora
1168 823 1273 858 vota
1292 811 1412 869 sunt,
1435 828 1546 875 quae

274 900 318 932 te
336 884 380 931 in
399 886 557 931 nullam
570 885 858 932 occasionem
878 883 1109 939 differunt,
1131 883 1203 930 sed
1222 896 1389 946 gratum
1407 884 1545 930 statim

275 957 471 1004 faciunt?
501 957 623 1017 Quid
648 957 764 1003 enim
795 955 1000 1019 prohibet
1023 954 1184 1002 referre
1215 956 1396 1018 gratiam
1437 973 1546 1018 pro-

276 1030 411 1092 speris
439 1028 594 1076 rebus?
623 1046 754 1092 quam
787 1028 920 1075 multa
944 1029 1064 1085 sunt,
1094 1045 1191 1100 per
1194 1044 1304 1090 quae
1331 1029 1546 1091 quidquid

274 1103 509 1159 debemus,
539 1102 719 1149 reddere
752 1102 881 1148 etiam
912 1100 1106 1147 felicibus
1139 1082 1387 1162 possumus?
1417 1099 1546 1146 fidele

274 1172 393 1221 cons
398 1173 527 1231 hum
543 1173 701 1220 affid'ua
721 1172 1027 1229 conversatio,
1049 1171 1190 1218 sermo
1216 1172 1383 1228 comis,
1398 1183 1440 1218 et
1458 1171 1547 1219 fine

278 1209 527 1293 adulatione
550 1245 790 1302 iucundus,
814 1261 934 1292 aures
953 1280 966 1303 ,
987 1244 1016 1290 fi
1038 1244 1271 1290 deliberare
1297 1207 1424 1299 velit,
1446 1244 1545 1291 dili-

275 1330 449 1383 gentes;
467 1330 585 1364 tutae
599 1350 614 1373 ‚
632 1317 662 1363 fi
685 1319 859 1365 credere
877 1335 889 1371 3
909 1317 1135 1364 convictus
1155 1315 1438 1363 familiaritas.'
1453 1317 1495 1361 N
1499 1334 1544 1363 e-

274 1391 439 1438 minem
467 1407 554 1438 tam
584 1392 666 1438 alte
690 1391 877 1438 secunda
907 1389 1166 1452 posuerunt,
1196 1401 1245 1435 ut
1278 1405 1371 1435 non
1400 1389 1462 1436 illi
1486 1407 1543 1437 eo

273 1463 410 1526 magis
436 1464 599 1510 amicus
621 1463 752 1521 defit,
774 1463 874 1527 quia
903 1462 1010 1509 nihil
1036 1461 1153 1509 abfit.

337 1536 492 1582 XXX.
514 1535 594 1582 Ista
614 1535 769 1592 tristis,
797 1551 840 1583 et
859 1535 983 1582 omni
1005 1550 1116 1584 voto
1141 1534 1443 1582 submovenda
1460 1552 1542 1584 oc-

271 1608 411 1665 casio,
450 1624 499 1655 ac
529 1608 684 1670 procul
717 1608 974 1669 repellenda.
1005 1622 1052 1653 ut
1083 1618 1226 1670 gratus
1255 1607 1340 1654 effe
1376 1609 1507 1670 poffis
1530 1644 1545 1668 ,

269 1680 388 1728 iratis
419 1679 499 1726 diis
522 1696 631 1742 opus
658 1679 744 1726 est?
765 1682 859 1728 Nec
888 1696 943 1727 ex
969 1681 1057 1727 hoc
1082 1680 1260 1742 quidem
1287 1697 1467 1742 peccare
1498 1694 1542 1730 te

269 1753 497 1817 intelligis,
521 1753 644 1816 quod
673 1753 826 1800 melius
859 1770 957 1799 cum
981 1769 1037 1799 eo
1056 1752 1217 1815 agitur,
1251 1752 1322 1799 cui
1347 1752 1540 1815 ingratus

268 1826 341 1874 es?
365 1828 570 1888 Propone
594 1828 741 1873 animo
767 1840 846 1873 tuo
870 1843 1114 1882 carcerem,
1140 1825 1338 1883 vincula,
1365 1826 1512 1874 sordes
1527 1862 1542 1886 ,

268 1899 517 1946 servitutem
535 1934 547 1957 ,
567 1899 751 1956 bellum,
770 1898 1024 1962 egestatem:
1046 1898 1150 1943 haec
1171 1896 1267 1943 sunt
1291 1897 1539 1947 occasiones

269 1972 332 2019 tui
353 1970 463 2018 voti.
492 1971 523 2017 fi
542 1972 637 2035 quis
663 1986 808 2018 tecum
830 1971 1073 2029 contraxit,
1105 1986 1184 2032 per
1199 1969 1273 2016 ista
1290 1971 1538 2021 dimittitur.

269 2044 391 2104 Quin
411 2043 559 2106 potius
583 2061 681 2090 eum
708 2057 934 2105 potentem
954 2042 1039 2089 effe
1057 2042 1189 2100 velis,
1210 2043 1280 2089 cui
1300 2043 1536 2106 plurimum

270 2118 422 2174 debes,
457 2132 499 2164 et
521 2117 729 2164 beatum?
763 2117 883 2177 Quid
913 2114 1133 2180 enim(ut
1160 2115 1279 2176 dixi)
1309 2128 1460 2174 vetat,
1492 2128 1535 2163 te

266 2190 429 2237 referre
467 2191 596 2238 etiam
637 2191 802 2237 summa
839 2189 1042 2236 felicitate
1076 2189 1281 2251 praeditis
1313 2189 1533 2252 gratiam?

266 2264 386 2310 cuius
406 2265 532 2328 plena
562 2265 640 2311 tibi
665 2276 866 2311 occurret
886 2275 928 2309 et
953 2261 1071 2308 varia
1097 2261 1283 2308 materia.
1304 2255 1457 2321 Quid?
1483 2273 1531 2309 tu

265 2335 400 2383 nescis
427 2337 620 2384 debitum
649 2337 775 2384 etiam
802 2337 1092 2400 locupletibus
1115 2335 1262 2383 solvi?
1283 2337 1376 2382 Nec
1400 2346 1442 2381 te
1461 2335 1532 2381 in-

262 2408 401 2454 vitum
433 2410 680 2473 distringam
710 2428 720 2456 ε
751 2410 914 2456 Omnia
946 2410 1042 2456 sane
1071 2409 1296 2456 excluserit
1327 2409 1530 2470 opulenta

255 2481 431 2530 {elicitas
453 2502 463 2529 z
493 2484 744 2531 monstrabo
788 2484 864 2530 tibi
883 2519 896 2542 ,
922 2484 1044 2531 cuius
1071 2483 1133 2530 rei
1161 2482 1311 2546 inopia
1335 2482 1533 2529 laborent
