1742 2967
245 148 334 195 282
500 153 548 200 L.
598 152 894 200 ANNAEI
940 155 1295 204 SENECAE

240 273 371 320 quam
390 257 470 305 tibi
491 259 668 306 deberet
684 277 738 306 ex
757 260 883 308 nobis
902 279 912 307 :
933 260 1032 324 quia
1051 261 1156 308 nihil
1175 263 1375 322 haberes,
1393 265 1518 327 quod

238 329 442 394 cuiquam
482 333 743 396 imputares,
774 351 797 379 a
832 347 905 380 tua
934 335 1117 382 utilitate
1148 337 1383 383 seduEium.
1412 340 1518 384 Non

238 401 330 448 sum
359 404 538 452 invidus
572 404 774 452 beneficii
808 408 1023 471 interpres
1044 441 1058 464 ‚
1083 426 1165 457 nec
1191 410 1388 458 desidero
1413 413 1519 459 illud

237 474 347 521 mihi
373 489 537 522 tantum
563 478 681 534 dari,
712 476 785 524 sed
812 492 854 524 et
880 480 974 526 tibi.
1517 539 1523 543 ‚

302 550 428 596 XIV.
446 551 568 610 Quid
594 568 701 614 ergo
715 588 728 610 ‚
746 551 919 615 inquit,
945 552 974 598 {i
992 552 1036 599 in
1058 553 1218 600 sortem
1239 553 1418 600 nomina
1436 572 1519 602 ve-

236 622 318 669 stra
341 622 502 669 coniici
523 622 724 670 iuffiffem
741 660 755 679 ‚
778 636 820 670 et
841 636 959 671 tuum
981 642 1144 671 nomen
1169 627 1283 673 inter
1300 626 1517 673 redimen-

236 694 317 741 dos
343 694 519 753 exisset,
548 695 654 741 nihil
674 697 852 743 deberes
870 697 1004 744 mihi?
1026 697 1167 744 immo
1187 699 1388 745 deberem
1407 732 1420 755 ‚
1445 700 1518 747 sed

236 766 462 829 exiguum.
503 767 629 828 Quid
659 768 709 815 fit
738 770 826 816 hoc
847 805 861 827 ,
894 769 1052 817 dicam.
1083 769 1263 833 Aliquid
1295 770 1386 818 istic
1421 788 1518 817 mea

236 840 358 886 causa
383 839 493 886 facis
509 876 522 899 ‚
557 841 680 903 quod
700 859 771 888 me
804 843 858 889 ad
879 842 1102 889 fortunam
1127 842 1412 890 redemtionis
1438 844 1517 890 ad-

234 914 381 960 mittis.
415 916 536 977 quod
562 932 726 963 nomen
747 933 895 963 meum
915 916 1048 975 exiit,
1070 916 1177 963 sorti
1197 917 1340 963 debeo
1359 935 1369 963 ε
1392 918 1517 981 quod

233 987 352 1032 exi-re
383 988 559 1049 potuit,
584 988 677 1034 tibi.
703 989 883 1036 Aditum
909 990 1017 1036 mihi
1036 991 1089 1036 ad
1107 989 1372 1037 beneficium
1392 1003 1516 1039 tuum

233 1061 416 1119 dedisti,
442 1062 567 1109 cuius
593 1063 806 1113 maiorem
837 1080 1003 1128 partem
1025 1065 1226 1112 fortunae
1247 1066 1415 1113 debeo:
1442 1067 1517 1115 sed

231 1134 321 1182 hoc
341 1135 481 1199 ipsum
502 1136 580 1184 tibi
597 1173 613 1194 ,
643 1140 764 1201 quod
783 1139 988 1185 fortunae
1007 1139 1168 1186 debere
1188 1139 1326 1201 potui.
1346 1139 1444 1187 Illos
1460 1157 1516 1187 ex

231 1221 330 1256 toto
361 1211 611 1273 praeteribo
631 1247 646 1269 ‚
673 1229 865 1275 quorum
898 1212 1214 1259 mercenarium
1253 1213 1515 1260 beneficium

232 1282 323 1330 est:
356 1285 479 1346 quod
509 1285 586 1348 qui
619 1286 723 1343 dat,
753 1302 844 1332 non
877 1297 1105 1347 computat
1138 1283 1236 1341 cui,
1270 1285 1342 1330 sed
1365 1287 1516 1348 quanti

236 1356 415 1403 daturus
435 1357 512 1415 fit,
532 1359 654 1421 quod
675 1358 867 1421 undique
890 1360 933 1404 in
954 1359 995 1404 se
1013 1358 1274 1404 conversum
1294 1358 1369 1406 est.
1391 1363 1514 1406 Ven-

231 1431 296 1477 dit
316 1432 423 1477 mihi
444 1432 596 1496 aliquis
613 1433 910 1480 frumentum:
933 1434 1089 1481 vivere
1108 1448 1199 1478 non
1218 1432 1390 1495 poss’um
1406 1469 1418 1491 ‚
1435 1433 1513 1479 nisi

230 1521 382 1551 emero
402 1522 416 1560 ;
446 1504 517 1552 sed
537 1523 630 1552 non
657 1507 800 1553 debeo
819 1506 952 1554 vitam
972 1542 988 1564 ‚
1017 1505 1118 1569 quia
1136 1506 1236 1552 emi.
1264 1508 1360 1553 Nec
1381 1524 1512 1570 quam

232 1579 516 1625 necessarium
543 1580 697 1636 fuerit,
729 1580 931 1636 aestimo,
956 1581 1044 1628 fine
1077 1598 1169 1643 quo
1196 1581 1390 1628 victurus
1420 1599 1514 1629 non

229 1652 292 1699 sui
314 1671 324 1698 ι
346 1653 417 1698 sed
439 1670 570 1716 quam
591 1654 824 1717 gratuitum
839 1690 853 1712 ‚
879 1655 1002 1718 quod
1028 1672 1121 1700 non
1149 1654 1386 1701 habuissem
1401 1691 1415 1713 ‚
1436 1656 1513 1702 nist

229 1725 455 1783 emiffem3
484 1726 528 1773 in
547 1744 639 1790 quo
666 1727 922 1775 invehendo
941 1741 1162 1775 mercator
1188 1744 1280 1773 non
1299 1729 1515 1791 cogitavit

231 1810 441 1861 quantum
475 1799 625 1845 auxilii
664 1799 864 1846 allaturus
890 1799 992 1847 esset
1022 1799 1162 1858 mihi,
1194 1799 1265 1847 sed
1300 1818 1511 1864 quantum

228 1871 338 1917 lucri
365 1872 458 1919 fibi.
484 1872 622 1933 Quod
649 1874 768 1931 emi,
800 1890 892 1920 non
919 1875 1077 1922 debeo,

296 1947 401 1992 XV.
433 1946 519 1991 Isto
537 1947 676 1992 modo
690 1983 702 2004 ,
722 1947 867 2009 inquit
882 1983 896 2004 ‚
917 1966 970 1995 ne
989 1947 1165 1994 medico
1177 1948 1415 2011 quidquam
1432 1951 1512 1997 de-

227 2019 334 2067 bere
357 2031 426 2077 te,
461 2018 537 2065 nist
572 2020 892 2077 mercedulam,
920 2020 1036 2067 dices
1060 2037 1070 2065 :
1093 2036 1173 2065 nec
1206 2023 1509 2084 praeceptori,

229 2092 332 2155 quia
351 2091 516 2155 aliquid
532 2092 841 2138 numeraveris.
854 2091 971 2155 atqui
993 2091 1195 2137 omnium
1216 2092 1376 2146 horum
1393 2095 1512 2156 apud

226 2182 308 2212 nos
325 2182 481 2229 magna
499 2164 667 2222 caritas,
679 2181 832 2228 magna
844 2164 1087 2213 reverentia
1098 2164 1170 2211 est.
1184 2166 1405 2213 Adversus
1421 2167 1510 2214 hoc

227 2240 544 2301 respondetur,
576 2241 789 2302 quaedam
818 2241 953 2304 pluris
982 2240 1066 2287 effe
1085 2273 1099 2296 ‚
1133 2258 1262 2304 quam
1291 2251 1508 2288 emuntur.

226 2311 347 2358 Emis
369 2329 391 2357 a
411 2312 587 2360 medico
604 2328 697 2358 rem
716 2312 1092 2372 inaestimabilem,
1116 2313 1253 2361 vitam
1272 2329 1321 2360 ac
1340 2311 1507 2360 valetu-

226 2384 372 2430 dinem
402 2387 564 2433 bonam
585 2405 596 2434 :
621 2404 644 2432 a
665 2387 882 2433 bonarum
913 2387 1072 2433 artium
1104 2400 1389 2448 praeceptore
1418 2382 1507 2430 stu-

225 2456 299 2502 dia
318 2457 507 2505 liberalia
520 2494 532 2515 ,
554 2474 596 2506 et
615 2459 749 2506 animi
770 2460 948 2508 cultum.
965 2462 1114 2524 Itaque
1133 2459 1198 2507 his
1217 2476 1309 2506 non
1327 2457 1390 2504 rei
1407 2472 1509 2519 pre-2
