1742 2967
423 177 565 235 'DE
615 189 810 236 vtTA
865 189 1150 237 BEATA.
1395 212 1455 258 97

165 295 309 344 multo
339 311 518 344 veneno
540 295 672 342 tineia
701 296 937 344 deterrebit
965 298 1020 345 ab
1046 298 1238 361 optimis.
1262 316 1314 347 ne
1334 302 1454 350 virus

164 370 344 434 quidem
369 369 511 426 istud,
537 385 629 432 quo
662 368 771 416 alios
801 370 1023 433 spargitis,
1050 388 1136 419 vos
1163 376 1350 433 necatis,
1382 394 1453 424 me

119 464 122 468 ¹
163 443 391 506 impediet,
412 459 504 506 quo
524 443 671 490 minus
700 443 972 505 perseverem
994 445 1166 492 laudare
1187 447 1338 505 vitam,
1360 467 1451 498 non

166 535 298 582 quam
320 534 406 582 ago
422 554 436 575 ,
455 516 528 564 sed
549 534 678 581 quam
701 519 915 581 agendam
934 517 1054 573 scio,
1082 536 1174 582 quo
1195 522 1338 568 minus
1359 524 1452 570 vir-

163 602 301 640 tute-m
325 593 504 638 adorem
519 626 533 648 ,
555 603 597 637 et
624 608 679 637 ex
700 590 932 638 intervallo
957 593 1121 656 ingenti
1151 596 1449 657 reptabundus

163 666 330 727 sequar.
368 663 639 726 Exspefiabo
671 663 863 719 scilicet,
887 675 933 710 ut
962 666 1203 729 quidquam
1247 669 1448 715 malevo-

163 736 322 784 lentiae
351 736 614 783 inviolatum
647 736 697 783 sit
725 755 735 783 :
767 737 836 783 cui
870 736 989 784 sacer
1013 756 1095 786 nec
1125 741 1310 788 Rutilius
1337 742 1448 801 fuit,

162 826 245 856 nec
269 809 385 856 Cato
405 809 423 856 ἓ
450 811 542 855 Cur
559 822 601 856 et
621 809 776 873 aliquis
796 827 884 857 non
902 810 990 858 istis
1008 811 1131 858 dives
1149 813 1278 860 nimis
1295 814 1447 861 videa-

162 896 261 943 tur,
293 885 454 948 quibus
470 885 732 933 Demetrius
758 887 958 950 Cynicus
983 904 1139 950 parum
1161 905 1328 951 pauper
1347 890 1408 935 est
1426 890 1446 937 ?

161 958 324 1005 Virum
356 959 643 1015 acerrimum,
666 972 708 1004 et
732 973 885 1032 contra
913 961 1063 1007 omnia
1084 977 1261 1008 naturae
1282 963 1447 1011 deside·

162 1032 231 1078 ria
253 1047 548 1094 pugnantem;
581 1033 667 1078 hoc
694 1034 1028 1094 pauperiorem,
1046 1050 1174 1097 quam
1195 1036 1327 1082 ceteri
1346 1036 1446 1100 Cy·

161 1105 248 1152 nici
267 1136 280 1159 ‚
298 1105 420 1167 quod
440 1121 542 1151 cum
561 1104 636 1150 fibi
656 1105 932 1152 interdixerit
948 1106 1132 1164 habere,
1160 1106 1384 1154 interdixit
1401 1120 1445 1155 et

160 1177 372 1240 poscere;
392 1189 549 1240 negant
565 1177 681 1223 enim
711 1176 945 1238 sapientem
966 1195 1107 1241 egere.
1136 1178 1271 1224 Vides
1290 1180 1443 1227 enim?

161 1267 254 1296 non
280 1249 454 1296 virtutis
474 1249 693 1296 scientiam
708 1283 721 1305 ,
741 1251 813 1296 sed
830 1250 1025 1312 egestatis
1057 1249 1270 1312 professus
1289 1252 1363 1298 est.

226 1323 356 1369 XIX.
374 1323 637 1369 Diodorum
656 1324 919 1385 Epicureum
942 1322 1267 1385 philosophum,
1285 1325 1359 1386 qui
1376 1324 1445 1370 in·-

160 1410 228 1444 tra
253 1411 417 1459 paucos
436 1395 529 1443 dies
558 1395 691 1442 finem
710 1396 825 1444 vitae
850 1396 949 1443 suae
978 1414 1105 1444 manu
1124 1398 1195 1443 sua
1215 1397 1444 1458 imposuit,

161 1486 322 1535 negant
351 1487 406 1517 ex
436 1470 619 1517 decreto
645 1470 820 1532 Epicuri
840 1469 1012 1526 fecisse,
1040 1471 1161 1532 quod
1194 1470 1270 1515 fibi
1300 1471 1444 1533 gulam

162 1545 416 1609 praesecuit.
448 1545 521 1591 alii
541 1545 807 1591 dementiam
827 1545 970 1592 videri
993 1545 1151 1591 volunt
1178 1544 1339 1592 fafitum
1358 1547 1445 1594 hoc

162 1619 283 1674 eius,
313 1619 384 1665 alii
411 1620 714 1666 temeritatem.
745 1618 818 1665 ille
847 1618 1024 1665 interim
1058 1620 1238 1674 beatus,
1266 1637 1316 1666 ac
1347 1621 1446 1682 ple·-

163 1708 242 1740 nus
266 1694 383 1739 bona
410 1693 704 1750 conscientia,
720 1692 911 1739 reddidit
932 1692 1006 1738 sibi
1027 1688 1329 1738 testimonium
1354 1693 1445 1739 vita

161 1760 400 1823 excedens,
425 1767 706 1829 laudavitque
740 1766 886 1811 aetatis
914 1766 955 1810 in
985 1777 1118 1826 portu
1147 1777 1191 1812 et
1229 1767 1282 1811 ad
1307 1782 1445 1812 anco-

162 1858 256 1887 ram
278 1841 393 1886 afi’cae
417 1840 607 1902 quietem
636 1858 646 1884 ε
678 1850 721 1886 et
746 1838 880 1892 dixit,
916 1838 1039 1897 Quid
1057 1853 1141 1883 vos
1167 1837 1296 1885 inviti
1323 1837 1447 1884 audi«⁵

163 1914 259 1973 stis,
292 1915 411 1978 quasi
434 1914 563 1961 vobis
591 1930 771 1977 quoque
806 1911 1054 1958 faciest-dum
1081 1910 1161 1957 sit:

272 2025 386 2069 Vixi
399 2059 411 2081 ‚
428 2020 470 2070 ὃ*
494 2042 610 2084 quem
631 2025 791 2068 dederat
809 2022 967 2081 cuffiam
983 2021 1189 2079 fortuna,
1208 2018 1354 2081 peregi.

166 2133 241 2180 De
272 2131 445 2179 alterius
470 2133 583 2189 vita,
611 2133 664 2178 de
691 2131 866 2176 alterius
895 2140 1038 2174 morte
1059 2127 1304 2190 disputatis,
1335 2139 1377 2171 ef
1395 2124 1449 2172 ad

164 2223 331 2254 nomen
359 2224 621 2270 magnorum
650 2207 710 2252 ob
737 2205 923 2267 aliquam
956 2204 1160 2249 eximiam
1187 2204 1355 2247 laudem
1378 2202 1447 2246 vi-

162 2296 341 2338 rorum,
369 2279 475 2326 ficut
493 2280 548 2324 ad
568 2279 800 2326 occursum
824 2280 1079 2341 ignotorum
1110 2275 1337 2320 hominum
1366 2273 1447 2319 mi«

164 2352 259 2398 nuti
286 2368 439 2409 canes,
468 2352 641 2399 latratis.
683 2351 870 2413 Expedit
897 2351 1014 2396 enim
1043 2347 1195 2401 vobis,
1224 2346 1447 2392 nominem

164 2427 308 2474 videri
333 2427 501 2473 bonum
524 2444 535 2471 z
563 2426 678 2491 quasi
703 2426 839 2471 aliena
868 2425 1032 2477 virtus,
1062 2419 1344 2482 exprobratio
1370 2421 1446 2466 de-

163 2494 369 2546 liciorum
399 2497 648 2545 vestrorvm
679 2498 739 2544 fir„
769 2497 902 2547 Inviti
931 2494 1163 2561 splendida
1176 2510 1277 2540 cum
1313 2493 1450 2541 sordi-

229 2565 279 2611 L.
298 2568 423 2612 Arm.
442 2568 608 2612 Seneca,
632 2567 727 2610 Vol.
745 2564 810 2611 II.
1126 2558 1168 2603 G
