<?xml version="1.0" encoding="UTF-8"?>
<!DOCTYPE html PUBLIC "-//W3C//DTD XHTML 1.0 Transitional//EN"
    "http://www.w3.org/TR/xhtml1/DTD/xhtml1-transitional.dtd">
<html xmlns="http://www.w3.org/1999/xhtml" xml:lang="en" lang="en">
 <head>
  <title>
</title>
<meta http-equiv="Content-Type" content="text/html;charset=utf-8" />
  <meta name='ocr-system' content='tesseract 3.04.00' />
  <meta name='ocr-capabilities' content='ocr_page ocr_carea ocr_par ocr_line ocrx_word'/>
</head>
<body>
  <div class='ocr_page' id='page_1' title='image "./lannaeisenecaeph02seneuoft_0355.png"; bbox 0 0 1742 2967; ppageno 0'>
   <div class='ocr_carea' id='block_1_1' title="bbox 369 138 1446 217">
    <p class='ocr_par' dir='ltr' id='par_1_1' title="bbox 369 138 1446 217">
     <span class='ocr_line' id='line_1_1' title="bbox 369 138 1446 217; baseline 0 -17"><span class='ocrx_word' id='word_1_1' title='bbox 369 153 467 200; x_wconf 86' lang='lat' dir='ltr'><strong>DE</strong></span> <span class='ocrx_word' id='word_1_2' title='bbox 516 138 946 200; x_wconf 60' lang='lat' dir='ltr'><strong>aimaricus</strong></span> <span class='ocrx_word' id='word_1_3' title='bbox 991 155 1120 200; x_wconf 77' lang='lat' dir='ltr'><strong>Liss.</strong></span> <span class='ocrx_word' id='word_1_4' title='bbox 1168 156 1262 200; x_wconf 80' lang='lat' dir='ltr'><strong>vn.</strong></span> <span class='ocrx_word' id='word_1_5' title='bbox 1313 145 1315 149; x_wconf 85' lang='grc'><strong>’</strong></span> <span class='ocrx_word' id='word_1_6' title='bbox 1361 169 1446 217; x_wconf 75' lang='lat'><strong>323</strong></span> 
     </span>
    </p>
   </div>
   <div class='ocr_carea' id='block_1_2' title="bbox 173 258 1463 1483">
    <p class='ocr_par' dir='ltr' id='par_1_2' title="bbox 173 258 1458 815">
     <span class='ocr_line' id='line_1_2' title="bbox 173 258 1453 322; baseline 0.002 -16"><span class='ocrx_word' id='word_1_7' title='bbox 173 259 302 322; x_wconf 82' lang='lat' dir='ltr'><strong>pensa</strong></span> <span class='ocrx_word' id='word_1_8' title='bbox 321 260 522 307; x_wconf 85' lang='lat' dir='ltr'><strong>voluntas</strong></span> <span class='ocrx_word' id='word_1_9' title='bbox 537 295 550 316; x_wconf 88' lang='lat'>‚</span> <span class='ocrx_word' id='word_1_10' title='bbox 579 274 623 308; x_wconf 89' lang='lat' dir='ltr'><strong>et</strong></span> <span class='ocrx_word' id='word_1_11' title='bbox 655 260 812 322; x_wconf 88' lang='lat' dir='ltr'><strong>cupida</strong></span> <span class='ocrx_word' id='word_1_12' title='bbox 830 260 1054 306; x_wconf 85' lang='lat' dir='ltr'><strong>reddendi.</strong></span> <span class='ocrx_word' id='word_1_13' title='bbox 1092 258 1263 319; x_wconf 78' lang='lat' dir='ltr'><strong>Quodsi</strong></span> <span class='ocrx_word' id='word_1_14' title='bbox 1282 260 1453 308; x_wconf 85' lang='lat' dir='ltr'><strong>animus</strong></span> 
     </span>
     <span class='ocr_line' id='line_1_3' title="bbox 174 331 1452 396; baseline 0 -16"><span class='ocrx_word' id='word_1_15' title='bbox 174 333 262 380; x_wconf 89' lang='lat' dir='ltr'><strong>fine</strong></span> <span class='ocrx_word' id='word_1_16' title='bbox 279 351 325 381; x_wconf 91' lang='lat' dir='ltr'><strong>re</strong></span> <span class='ocrx_word' id='word_1_17' title='bbox 341 370 354 392; x_wconf 92' lang='lat'>,</span> <span class='ocrx_word' id='word_1_18' title='bbox 372 334 426 380; x_wconf 90' lang='lat' dir='ltr'><strong>ad</strong></span> <span class='ocrx_word' id='word_1_19' title='bbox 445 331 717 379; x_wconf 81' lang='lat' dir='ltr'><strong>referendam</strong></span> <span class='ocrx_word' id='word_1_20' title='bbox 748 334 927 396; x_wconf 80' lang='lat' dir='ltr'>gratiam</span> <span class='ocrx_word' id='word_1_21' title='bbox 949 350 1039 380; x_wconf 91' lang='lat' dir='ltr'><strong>non</strong></span> <span class='ocrx_word' id='word_1_22' title='bbox 1060 333 1176 380; x_wconf 89' lang='lat' dir='ltr'><strong>valet</strong></span> <span class='ocrx_word' id='word_1_23' title='bbox 1196 350 1205 379; x_wconf 77' lang='lat' dir='ltr'>z</span> <span class='ocrx_word' id='word_1_24' title='bbox 1225 349 1355 379; x_wconf 90' lang='lat' dir='ltr'><strong>nemo</strong></span> <span class='ocrx_word' id='word_1_25' title='bbox 1375 334 1452 380; x_wconf 84' lang='lat' dir='ltr'><strong>ad-</strong></span> 
     </span>
     <span class='ocr_line' id='line_1_4' title="bbox 177 404 1454 469; baseline -0.001 -16"><span class='ocrx_word' id='word_1_26' title='bbox 177 407 327 454; x_wconf 86' lang='lat' dir='ltr'><strong>versus</strong></span> <span class='ocrx_word' id='word_1_27' title='bbox 355 408 465 454; x_wconf 89' lang='lat' dir='ltr'><strong>deos</strong></span> <span class='ocrx_word' id='word_1_28' title='bbox 494 420 639 469; x_wconf 84' lang='lat' dir='ltr'><strong>gratus</strong></span> <span class='ocrx_word' id='word_1_29' title='bbox 663 405 754 464; x_wconf 87' lang='lat' dir='ltr'><strong>est,</strong></span> <span class='ocrx_word' id='word_1_30' title='bbox 789 406 834 452; x_wconf 88' lang='lat' dir='ltr'><strong>in</strong></span> <span class='ocrx_word' id='word_1_31' title='bbox 863 423 976 467; x_wconf 86' lang='lat' dir='ltr'><strong>quos</strong></span> <span class='ocrx_word' id='word_1_32' title='bbox 997 405 1200 454; x_wconf 87' lang='lat' dir='ltr'><strong>voluntas</strong></span> <span class='ocrx_word' id='word_1_33' title='bbox 1232 404 1320 451; x_wconf 86' lang='lat' dir='ltr'><strong>sola</strong></span> <span class='ocrx_word' id='word_1_34' title='bbox 1342 422 1454 452; x_wconf 87' lang='lat' dir='ltr'><strong>con-</strong></span> 
     </span>
     <span class='ocr_line' id='line_1_5' title="bbox 176 477 1454 541; baseline 0.002 -16"><span class='ocrx_word' id='word_1_35' title='bbox 176 477 328 525; x_wconf 84' lang='lat' dir='ltr'><strong>fertur.</strong></span> <span class='ocrx_word' id='word_1_36' title='bbox 357 479 457 526; x_wconf 79' lang='lat' dir='ltr'><strong>Diis</strong></span> <span class='ocrx_word' id='word_1_37' title='bbox 474 510 490 534; x_wconf 91' lang='lat'>,</span> <span class='ocrx_word' id='word_1_38' title='bbox 510 479 683 541; x_wconf 87' lang='lat' dir='ltr'><strong>inquit,</strong></span> <span class='ocrx_word' id='word_1_39' title='bbox 717 478 820 524; x_wconf 87' lang='lat' dir='ltr'><strong>nihil</strong></span> <span class='ocrx_word' id='word_1_40' title='bbox 841 479 956 525; x_wconf 88' lang='lat' dir='ltr'><strong>aliud</strong></span> <span class='ocrx_word' id='word_1_41' title='bbox 982 478 1196 541; x_wconf 86' lang='lat' dir='ltr'><strong>praestare</strong></span> <span class='ocrx_word' id='word_1_42' title='bbox 1223 478 1454 539; x_wconf 73' lang='lat' dir='ltr'><strong>possumus,</strong></span> 
     </span>
     <span class='ocr_line' id='line_1_6' title="bbox 181 550 1458 614; baseline 0.001 -17"><span class='ocrx_word' id='word_1_43' title='bbox 181 552 264 599; x_wconf 92' lang='lat' dir='ltr'><strong>Sed</strong></span> <span class='ocrx_word' id='word_1_44' title='bbox 285 551 315 598; x_wconf 82' lang='lat' dir='ltr'>fi</span> <span class='ocrx_word' id='word_1_45' title='bbox 336 552 439 599; x_wconf 90' lang='lat' dir='ltr'><strong>huic</strong></span> <span class='ocrx_word' id='word_1_46' title='bbox 457 568 638 614; x_wconf 87' lang='lat' dir='ltr'><strong>quoque</strong></span> <span class='ocrx_word' id='word_1_47' title='bbox 653 583 667 606; x_wconf 91' lang='lat'><strong>‚</strong></span> <span class='ocrx_word' id='word_1_48' title='bbox 693 550 762 597; x_wconf 84' lang='lat' dir='ltr'><strong>cui</strong></span> <span class='ocrx_word' id='word_1_49' title='bbox 789 550 950 597; x_wconf 84' lang='lat' dir='ltr'><strong>referre</strong></span> <span class='ocrx_word' id='word_1_50' title='bbox 972 550 1151 614; x_wconf 82' lang='lat' dir='ltr'>gratiam</span> <span class='ocrx_word' id='word_1_51' title='bbox 1173 551 1330 608; x_wconf 88' lang='lat' dir='ltr'><strong>debeo,</strong></span> <span class='ocrx_word' id='word_1_52' title='bbox 1350 551 1458 598; x_wconf 81' lang='lat' dir='ltr'><strong>nihil</strong></span> 
     </span>
     <span class='ocr_line' id='line_1_7' title="bbox 176 622 1457 686; baseline -0.001 -16"><span class='ocrx_word' id='word_1_53' title='bbox 176 623 295 670; x_wconf 87' lang='lat' dir='ltr'><strong>aliud</strong></span> <span class='ocrx_word' id='word_1_54' title='bbox 328 622 541 685; x_wconf 89' lang='lat' dir='ltr'><strong>praestare</strong></span> <span class='ocrx_word' id='word_1_55' title='bbox 567 622 737 686; x_wconf 80' lang='lat' dir='ltr'><strong>poffum</strong></span> <span class='ocrx_word' id='word_1_56' title='bbox 759 640 768 667; x_wconf 92' lang='lat'>:</span> <span class='ocrx_word' id='word_1_57' title='bbox 794 623 900 685; x_wconf 90' lang='lat' dir='ltr'><strong>quid</strong></span> <span class='ocrx_word' id='word_1_58' title='bbox 925 623 1012 680; x_wconf 86' lang='lat' dir='ltr'><strong>est,</strong></span> <span class='ocrx_word' id='word_1_59' title='bbox 1034 639 1168 685; x_wconf 87' lang='lat' dir='ltr'><strong>quare</strong></span> <span class='ocrx_word' id='word_1_60' title='bbox 1191 638 1279 668; x_wconf 86' lang='lat' dir='ltr'><strong>non</strong></span> <span class='ocrx_word' id='word_1_61' title='bbox 1301 638 1356 668; x_wconf 90' lang='lat' dir='ltr'><strong>eo</strong></span> <span class='ocrx_word' id='word_1_62' title='bbox 1382 623 1457 669; x_wconf 86' lang='lat' dir='ltr'><strong>ad·</strong></span> 
     </span>
     <span class='ocr_line' id='line_1_8' title="bbox 177 693 1456 757; baseline -0.004 -15"><span class='ocrx_word' id='word_1_63' title='bbox 177 694 323 742; x_wconf 85' lang='lat' dir='ltr'><strong>versus</strong></span> <span class='ocrx_word' id='word_1_64' title='bbox 353 695 578 741; x_wconf 85' lang='lat' dir='ltr'><strong>hominem</strong></span> <span class='ocrx_word' id='word_1_65' title='bbox 615 706 760 757; x_wconf 82' lang='lat' dir='ltr'><strong>gratus</strong></span> <span class='ocrx_word' id='word_1_66' title='bbox 794 695 900 752; x_wconf 74' lang='lat' dir='ltr'><strong>iim,</strong></span> <span class='ocrx_word' id='word_1_67' title='bbox 928 710 1018 756; x_wconf 86' lang='lat' dir='ltr'><strong>quo</strong></span> <span class='ocrx_word' id='word_1_68' title='bbox 1058 693 1165 740; x_wconf 87' lang='lat' dir='ltr'><strong>nihil</strong></span> <span class='ocrx_word' id='word_1_69' title='bbox 1199 693 1381 756; x_wconf 86' lang='lat' dir='ltr'><strong>amplius</strong></span> <span class='ocrx_word' id='word_1_70' title='bbox 1413 693 1456 739; x_wconf 85' lang='lat' dir='ltr'><strong>in</strong></span> 
     </span>
     <span class='ocr_line' id='line_1_9' title="bbox 176 767 531 815; baseline 0.003 -2"><span class='ocrx_word' id='word_1_71' title='bbox 176 767 283 814; x_wconf 88' lang='lat' dir='ltr'><strong>deos</strong></span> <span class='ocrx_word' id='word_1_72' title='bbox 313 768 531 815; x_wconf 71' lang='lat' dir='ltr'><strong>contero?</strong></span> 
     </span>
    </p>

    <p class='ocr_par' dir='ltr' id='par_1_3' title="bbox 180 838 1463 1483">
     <span class='ocr_line' id='line_1_10' title="bbox 250 838 1459 904; baseline -0.002 -16"><span class='ocrx_word' id='word_1_73' title='bbox 250 843 377 888; x_wconf 82' lang='lat' dir='ltr'>XVI.</span> <span class='ocrx_word' id='word_1_74' title='bbox 409 843 452 888; x_wconf 87' lang='lat' dir='ltr'><strong>Si</strong></span> <span class='ocrx_word' id='word_1_75' title='bbox 472 857 621 888; x_wconf 87' lang='lat' dir='ltr'><strong>tamen</strong></span> <span class='ocrx_word' id='word_1_76' title='bbox 651 840 759 903; x_wconf 88' lang='lat' dir='ltr'><strong>quid</strong></span> <span class='ocrx_word' id='word_1_77' title='bbox 784 839 960 887; x_wconf 85' lang='lat' dir='ltr'><strong>sentiam</strong></span> <span class='ocrx_word' id='word_1_78' title='bbox 991 838 1188 903; x_wconf 81' lang='lat' dir='ltr'><strong>quaeris,</strong></span> <span class='ocrx_word' id='word_1_79' title='bbox 1217 855 1260 887; x_wconf 89' lang='lat' dir='ltr'><strong>et</strong></span> <span class='ocrx_word' id='word_1_80' title='bbox 1285 839 1354 888; x_wconf 88' lang='lat' dir='ltr'><strong>vis</strong></span> <span class='ocrx_word' id='word_1_81' title='bbox 1377 838 1459 904; x_wconf 84' lang='lat' dir='ltr'><strong>fig·</strong></span> 
     </span>
     <span class='ocr_line' id='line_1_11' title="bbox 180 911 1457 977; baseline -0.001 -17"><span class='ocrx_word' id='word_1_82' title='bbox 180 931 282 960; x_wconf 86' lang='lat' dir='ltr'><strong>nare</strong></span> <span class='ocrx_word' id='word_1_83' title='bbox 302 914 557 977; x_wconf 88' lang='lat' dir='ltr'><strong>responsum</strong></span> <span class='ocrx_word' id='word_1_84' title='bbox 581 931 590 959; x_wconf 93' lang='lat'>:</span> <span class='ocrx_word' id='word_1_85' title='bbox 612 913 683 959; x_wconf 85' lang='lat' dir='ltr'><strong>hic</strong></span> <span class='ocrx_word' id='word_1_86' title='bbox 702 911 960 959; x_wconf 82' lang='lat' dir='ltr'><strong>beneficium</strong></span> <span class='ocrx_word' id='word_1_87' title='bbox 980 911 1184 974; x_wconf 70' lang='lat' dir='ltr'><strong>recepisse</strong></span> <span class='ocrx_word' id='word_1_88' title='bbox 1208 911 1249 958; x_wconf 90' lang='lat' dir='ltr'><strong>se</strong></span> <span class='ocrx_word' id='word_1_89' title='bbox 1269 912 1457 969; x_wconf 88' lang='lat' dir='ltr'><strong>iudicet;</strong></span> 
     </span>
     <span class='ocr_line' id='line_1_12' title="bbox 180 985 1458 1035; baseline 0.002 -5"><span class='ocrx_word' id='word_1_90' title='bbox 180 986 250 1032; x_wconf 88' lang='lat' dir='ltr'><strong>ille</strong></span> <span class='ocrx_word' id='word_1_91' title='bbox 270 987 311 1033; x_wconf 91' lang='lat' dir='ltr'><strong>se</strong></span> <span class='ocrx_word' id='word_1_92' title='bbox 331 986 433 1032; x_wconf 85' lang='lat' dir='ltr'><strong>sciat</strong></span> <span class='ocrx_word' id='word_1_93' title='bbox 451 1002 543 1032; x_wconf 90' lang='lat' dir='ltr'><strong>non</strong></span> <span class='ocrx_word' id='word_1_94' title='bbox 561 985 805 1032; x_wconf 81' lang='lat' dir='ltr'><strong>reddidiffe.</strong></span> <span class='ocrx_word' id='word_1_95' title='bbox 829 985 914 1032; x_wconf 83' lang='lat' dir='ltr'><strong>Hic</strong></span> <span class='ocrx_word' id='word_1_96' title='bbox 940 985 1058 1030; x_wconf 86' lang='lat' dir='ltr'><strong>illum</strong></span> <span class='ocrx_word' id='word_1_97' title='bbox 1079 985 1264 1032; x_wconf 87' lang='lat' dir='ltr'><strong>dimittat</strong></span> <span class='ocrx_word' id='word_1_98' title='bbox 1285 1003 1295 1032; x_wconf 91' lang='lat'><strong>:</strong></span> <span class='ocrx_word' id='word_1_99' title='bbox 1323 986 1395 1032; x_wconf 91' lang='lat' dir='ltr'><strong>ille</strong></span> <span class='ocrx_word' id='word_1_100' title='bbox 1416 985 1458 1035; x_wconf 92' lang='lat' dir='ltr'><strong>se</strong></span> 
     </span>
     <span class='ocr_line' id='line_1_13' title="bbox 180 1058 1458 1120; baseline 0.002 -16"><span class='ocrx_word' id='word_1_101' title='bbox 180 1072 334 1105; x_wconf 82' lang='lat' dir='ltr'><strong>teneat.</strong></span> <span class='ocrx_word' id='word_1_102' title='bbox 354 1059 424 1104; x_wconf 90' lang='lat' dir='ltr'><strong>hic</strong></span> <span class='ocrx_word' id='word_1_103' title='bbox 443 1059 585 1116; x_wconf 88' lang='lat' dir='ltr'><strong>dicat,</strong></span> <span class='ocrx_word' id='word_1_104' title='bbox 613 1058 767 1104; x_wconf 89' lang='lat' dir='ltr'><strong>Habeo</strong></span> <span class='ocrx_word' id='word_1_105' title='bbox 788 1076 798 1104; x_wconf 80' lang='lat' dir='ltr'><strong><em>z</em></strong></span> <span class='ocrx_word' id='word_1_106' title='bbox 818 1058 887 1104; x_wconf 87' lang='lat' dir='ltr'><strong>ille</strong></span> <span class='ocrx_word' id='word_1_107' title='bbox 916 1059 1200 1120; x_wconf 82' lang='lat' dir='ltr'><strong>respondeat,</strong></span> <span class='ocrx_word' id='word_1_108' title='bbox 1217 1060 1390 1107; x_wconf 92' lang='lat' dir='ltr'><strong>Debeo.</strong></span> <span class='ocrx_word' id='word_1_109' title='bbox 1409 1063 1458 1107; x_wconf 93' lang='lat' dir='ltr'><strong>In</strong></span> 
     </span>
     <span class='ocr_line' id='line_1_14' title="bbox 180 1130 1458 1195; baseline 0.002 -20"><span class='ocrx_word' id='word_1_110' title='bbox 180 1132 306 1176; x_wconf 88' lang='lat' dir='ltr'><strong>omni</strong></span> <span class='ocrx_word' id='word_1_111' title='bbox 325 1130 576 1193; x_wconf 85' lang='lat' dir='ltr'><strong>quaestione</strong></span> <span class='ocrx_word' id='word_1_112' title='bbox 602 1130 876 1193; x_wconf 77' lang='lat' dir='ltr'><strong>propositum</strong></span> <span class='ocrx_word' id='word_1_113' title='bbox 902 1130 948 1175; x_wconf 75' lang='lat' dir='ltr'><strong>{it</strong></span> <span class='ocrx_word' id='word_1_114' title='bbox 967 1132 1094 1177; x_wconf 87' lang='lat' dir='ltr'><strong>nobis</strong></span> <span class='ocrx_word' id='word_1_115' title='bbox 1122 1133 1289 1178; x_wconf 88' lang='lat' dir='ltr'><strong>bonum</strong></span> <span class='ocrx_word' id='word_1_116' title='bbox 1311 1132 1458 1195; x_wconf 89' lang='lat' dir='ltr'><strong>publi-</strong></span> 
     </span>
     <span class='ocr_line' id='line_1_15' title="bbox 182 1203 1460 1267; baseline 0.002 -18"><span class='ocrx_word' id='word_1_117' title='bbox 182 1219 297 1250; x_wconf 77' lang='lat' dir='ltr'><strong>cum,</strong></span> <span class='ocrx_word' id='word_1_118' title='bbox 329 1203 674 1266; x_wconf 80' lang='lat' dir='ltr'><strong>praecludendae</strong></span> <span class='ocrx_word' id='word_1_119' title='bbox 706 1204 799 1249; x_wconf 90' lang='lat' dir='ltr'><strong>sunt</strong></span> <span class='ocrx_word' id='word_1_120' title='bbox 831 1204 1129 1250; x_wconf 74' lang='lat' dir='ltr'><strong>excusationes</strong></span> <span class='ocrx_word' id='word_1_121' title='bbox 1162 1203 1369 1267; x_wconf 84' lang='lat' dir='ltr'><strong>ingratis,</strong></span> <span class='ocrx_word' id='word_1_122' title='bbox 1404 1204 1460 1251; x_wconf 91' lang='lat' dir='ltr'><strong>ad</strong></span> 
     </span>
     <span class='ocr_line' id='line_1_16' title="bbox 182 1275 1461 1338; baseline 0.002 -18"><span class='ocrx_word' id='word_1_123' title='bbox 182 1291 290 1337; x_wconf 85' lang='lat' dir='ltr'><strong>quas</strong></span> <span class='ocrx_word' id='word_1_124' title='bbox 317 1275 515 1338; x_wconf 78' lang='lat' dir='ltr'><strong>refugere</strong></span> <span class='ocrx_word' id='word_1_125' title='bbox 549 1276 708 1337; x_wconf 75' lang='lat' dir='ltr'><strong>poffint</strong></span> <span class='ocrx_word' id='word_1_126' title='bbox 728 1311 744 1331; x_wconf 88' lang='lat'><em>,</em></span> <span class='ocrx_word' id='word_1_127' title='bbox 778 1287 820 1321; x_wconf 90' lang='lat' dir='ltr'><strong>et</strong></span> <span class='ocrx_word' id='word_1_128' title='bbox 860 1276 934 1321; x_wconf 82' lang='lat' dir='ltr'><strong>sub</strong></span> <span class='ocrx_word' id='word_1_129' title='bbox 967 1276 1122 1338; x_wconf 82' lang='lat' dir='ltr'><strong>quibus</strong></span> <span class='ocrx_word' id='word_1_130' title='bbox 1154 1276 1461 1324; x_wconf 83' lang='lat' dir='ltr'><strong>infitiationem</strong></span> 
     </span>
     <span class='ocr_line' id='line_1_17' title="bbox 184 1346 1463 1410; baseline 0.003 -18"><span class='ocrx_word' id='word_1_131' title='bbox 184 1347 303 1392; x_wconf 77' lang='lat' dir='ltr'><strong>suam</strong></span> <span class='ocrx_word' id='word_1_132' title='bbox 332 1362 490 1410; x_wconf 84' lang='lat' dir='ltr'><strong>tegere.</strong></span> <span class='ocrx_word' id='word_1_133' title='bbox 523 1346 690 1392; x_wconf 88' lang='lat' dir='ltr'><strong>Omnia</strong></span> <span class='ocrx_word' id='word_1_134' title='bbox 715 1346 830 1393; x_wconf 85' lang='lat' dir='ltr'><strong>feci?</strong></span> <span class='ocrx_word' id='word_1_135' title='bbox 865 1347 931 1394; x_wconf 82' lang='lat' dir='ltr'><strong>fac</strong></span> <span class='ocrx_word' id='word_1_136' title='bbox 950 1349 1079 1395; x_wconf 82' lang='lat' dir='ltr'><strong>etiam</strong></span> <span class='ocrx_word' id='word_1_137' title='bbox 1107 1366 1237 1396; x_wconf 85' lang='lat' dir='ltr'><strong>nunc.</strong></span> <span class='ocrx_word' id='word_1_138' title='bbox 1272 1349 1396 1410; x_wconf 84' lang='lat' dir='ltr'><strong>Quid</strong></span> <span class='ocrx_word' id='word_1_139' title='bbox 1415 1361 1463 1395; x_wconf 89' lang='lat' dir='ltr'><strong>tu</strong></span> 
     </span>
     <span class='ocr_line' id='line_1_18' title="bbox 184 1420 1463 1483; baseline 0.002 -15"><span class='ocrx_word' id='word_1_140' title='bbox 184 1434 274 1468; x_wconf 85' lang='lat' dir='ltr'><strong>tam</strong></span> <span class='ocrx_word' id='word_1_141' title='bbox 293 1421 592 1483; x_wconf 81' lang='lat' dir='ltr'><strong>imprudentes</strong></span> <span class='ocrx_word' id='word_1_142' title='bbox 619 1420 784 1467; x_wconf 86' lang='lat' dir='ltr'><strong>iudicas</strong></span> <span class='ocrx_word' id='word_1_143' title='bbox 813 1422 1000 1468; x_wconf 83' lang='lat' dir='ltr'><strong>maiores</strong></span> <span class='ocrx_word' id='word_1_144' title='bbox 1028 1421 1200 1469; x_wconf 88' lang='lat' dir='ltr'><strong>nostros</strong></span> <span class='ocrx_word' id='word_1_145' title='bbox 1231 1421 1355 1469; x_wconf 83' lang='lat' dir='ltr'><strong>fuiffe</strong></span> <span class='ocrx_word' id='word_1_146' title='bbox 1372 1458 1386 1480; x_wconf 91' lang='lat'><strong><em>‚</em></strong></span> <span class='ocrx_word' id='word_1_147' title='bbox 1413 1436 1463 1471; x_wconf 90' lang='lat' dir='ltr'><strong>ut</strong></span> 
     </span>
    </p>
   </div>
   <div class='ocr_carea' id='block_1_3' title="bbox 186 1498 1479 2438">
    <p class='ocr_par' dir='ltr' id='par_1_4' title="bbox 186 1498 1479 2438">
     <span class='ocr_line' id='line_1_19' title="bbox 187 1498 1462 1564; baseline -0.002 -18"><span class='ocrx_word' id='word_1_148' title='bbox 187 1517 275 1546; x_wconf 87' lang='lat' dir='ltr'><strong>non</strong></span> <span class='ocrx_word' id='word_1_149' title='bbox 296 1500 587 1564; x_wconf 82' lang='lat' dir='ltr'><strong>intelligerent</strong></span> <span class='ocrx_word' id='word_1_150' title='bbox 611 1498 926 1562; x_wconf 83' lang='lat' dir='ltr'><strong>iniquiffimum</strong></span> <span class='ocrx_word' id='word_1_151' title='bbox 953 1498 1037 1545; x_wconf 83' lang='lat' dir='ltr'><strong>effe</strong></span> <span class='ocrx_word' id='word_1_152' title='bbox 1053 1535 1066 1557; x_wconf 90' lang='lat'><em>‚</em></span> <span class='ocrx_word' id='word_1_153' title='bbox 1086 1500 1245 1546; x_wconf 89' lang='lat' dir='ltr'><strong>eodem</strong></span> <span class='ocrx_word' id='word_1_154' title='bbox 1263 1499 1367 1553; x_wconf 78' lang='lat' dir='ltr'><strong>loco</strong></span> <span class='ocrx_word' id='word_1_155' title='bbox 1384 1498 1462 1545; x_wconf 85' lang='lat' dir='ltr'><strong>ha-</strong></span> 
     </span>
     <span class='ocr_line' id='line_1_20' title="bbox 186 1571 1463 1636; baseline 0 -18"><span class='ocrx_word' id='word_1_156' title='bbox 186 1572 277 1619; x_wconf 85' lang='lat' dir='ltr'><strong>beri</strong></span> <span class='ocrx_word' id='word_1_157' title='bbox 295 1588 392 1619; x_wconf 89' lang='lat' dir='ltr'><strong>eum</strong></span> <span class='ocrx_word' id='word_1_158' title='bbox 409 1573 483 1636; x_wconf 89' lang='lat' dir='ltr'><strong>qui</strong></span> <span class='ocrx_word' id='word_1_159' title='bbox 499 1572 727 1634; x_wconf 86' lang='lat' dir='ltr'><strong>pecuniam</strong></span> <span class='ocrx_word' id='word_1_160' title='bbox 747 1604 762 1627; x_wconf 91' lang='lat'>,</span> <span class='ocrx_word' id='word_1_161' title='bbox 783 1589 914 1635; x_wconf 89' lang='lat' dir='ltr'><strong>quam</strong></span> <span class='ocrx_word' id='word_1_162' title='bbox 932 1589 954 1617; x_wconf 86' lang='lat' dir='ltr'><strong>a</strong></span> <span class='ocrx_word' id='word_1_163' title='bbox 974 1571 1190 1618; x_wconf 83' lang='lat' dir='ltr'><strong>creditore</strong></span> <span class='ocrx_word' id='word_1_164' title='bbox 1207 1582 1434 1632; x_wconf 85' lang='lat' dir='ltr'><strong>acceperat</strong></span> <span class='ocrx_word' id='word_1_165' title='bbox 1447 1605 1463 1627; x_wconf 90' lang='lat'><strong>‚</strong></span> 
     </span>
     <span class='ocr_line' id='line_1_21' title="bbox 186 1643 1466 1708; baseline -0.002 -16"><span class='ocrx_word' id='word_1_166' title='bbox 186 1646 364 1693; x_wconf 83' lang='lat' dir='ltr'><strong>libidine</strong></span> <span class='ocrx_word' id='word_1_167' title='bbox 383 1660 455 1693; x_wconf 90' lang='lat' dir='ltr'><strong>aut</strong></span> <span class='ocrx_word' id='word_1_168' title='bbox 473 1646 564 1692; x_wconf 89' lang='lat' dir='ltr'><strong>alea</strong></span> <span class='ocrx_word' id='word_1_169' title='bbox 582 1646 784 1692; x_wconf 67' lang='lat' dir='ltr'><strong>absumsit</strong></span> <span class='ocrx_word' id='word_1_170' title='bbox 798 1681 810 1703; x_wconf 93' lang='lat'>,</span> <span class='ocrx_word' id='word_1_171' title='bbox 846 1659 891 1692; x_wconf 88' lang='lat' dir='ltr'><strong>et</strong></span> <span class='ocrx_word' id='word_1_172' title='bbox 909 1662 1010 1692; x_wconf 88' lang='lat' dir='ltr'><strong>eum</strong></span> <span class='ocrx_word' id='word_1_173' title='bbox 1038 1643 1115 1708; x_wconf 87' lang='lat' dir='ltr'><strong>qui</strong></span> <span class='ocrx_word' id='word_1_174' title='bbox 1135 1644 1365 1699; x_wconf 89' lang='lat' dir='ltr'><strong>incendio,</strong></span> <span class='ocrx_word' id='word_1_175' title='bbox 1392 1654 1466 1690; x_wconf 85' lang='lat' dir='ltr'><strong>aut</strong></span> 
     </span>
     <span class='ocr_line' id='line_1_22' title="bbox 186 1715 1467 1782; baseline 0 -18"><span class='ocrx_word' id='word_1_176' title='bbox 186 1719 424 1766; x_wconf 85' lang='lat' dir='ltr'><strong>latrocinio</strong></span> <span class='ocrx_word' id='word_1_177' title='bbox 440 1755 453 1775; x_wconf 86' lang='lat'><strong>‚</strong></span> <span class='ocrx_word' id='word_1_178' title='bbox 478 1730 550 1765; x_wconf 83' lang='lat' dir='ltr'><strong>aut</strong></span> <span class='ocrx_word' id='word_1_179' title='bbox 569 1719 716 1782; x_wconf 84' lang='lat' dir='ltr'><strong>aliquo</strong></span> <span class='ocrx_word' id='word_1_180' title='bbox 738 1719 839 1764; x_wconf 86' lang='lat' dir='ltr'><strong>casu</strong></span> <span class='ocrx_word' id='word_1_181' title='bbox 865 1717 1081 1776; x_wconf 81' lang='lat' dir='ltr'><strong>tristiore,</strong></span> <span class='ocrx_word' id='word_1_182' title='bbox 1105 1716 1241 1764; x_wconf 85' lang='lat' dir='ltr'><strong>aliena</strong></span> <span class='ocrx_word' id='word_1_183' title='bbox 1257 1733 1356 1764; x_wconf 89' lang='lat' dir='ltr'><strong>cum</strong></span> <span class='ocrx_word' id='word_1_184' title='bbox 1383 1715 1467 1764; x_wconf 86' lang='lat' dir='ltr'><strong>suis</strong></span> 
     </span>
     <span class='ocr_line' id='line_1_23' title="bbox 187 1789 1468 1855; baseline -0.002 -15"><span class='ocrx_word' id='word_1_185' title='bbox 187 1794 411 1855; x_wconf 84' lang='lat' dir='ltr'><strong>perdidit?</strong></span> <span class='ocrx_word' id='word_1_186' title='bbox 432 1795 589 1840; x_wconf 83' lang='lat' dir='ltr'><strong>nullam</strong></span> <span class='ocrx_word' id='word_1_187' title='bbox 611 1792 939 1840; x_wconf 82' lang='lat' dir='ltr'><strong>excusationem</strong></span> <span class='ocrx_word' id='word_1_188' title='bbox 960 1805 1243 1853; x_wconf 75' lang='lat' dir='ltr'><strong>receperunt,</strong></span> <span class='ocrx_word' id='word_1_189' title='bbox 1261 1804 1308 1838; x_wconf 85' lang='lat' dir='ltr'><strong>ut</strong></span> <span class='ocrx_word' id='word_1_190' title='bbox 1322 1789 1468 1838; x_wconf 88' lang='lat' dir='ltr'><strong>homi-</strong></span> 
     </span>
     <span class='ocr_line' id='line_1_24' title="bbox 190 1863 1471 1928; baseline -0.002 -16"><span class='ocrx_word' id='word_1_191' title='bbox 190 1883 266 1913; x_wconf 82' lang='lat' dir='ltr'><strong>nes</strong></span> <span class='ocrx_word' id='word_1_192' title='bbox 281 1867 437 1913; x_wconf 81' lang='lat' dir='ltr'><strong>scirent</strong></span> <span class='ocrx_word' id='word_1_193' title='bbox 457 1866 589 1913; x_wconf 82' lang='lat' dir='ltr'><strong>fidem</strong></span> <span class='ocrx_word' id='word_1_194' title='bbox 605 1866 754 1928; x_wconf 80' lang='lat' dir='ltr'><strong>utique</strong></span> <span class='ocrx_word' id='word_1_195' title='bbox 766 1864 1075 1926; x_wconf 84' lang='lat' dir='ltr'><strong>praestandam.</strong></span> <span class='ocrx_word' id='word_1_196' title='bbox 1092 1863 1230 1910; x_wconf 86' lang='lat' dir='ltr'><strong>Satius</strong></span> <span class='ocrx_word' id='word_1_197' title='bbox 1245 1864 1361 1910; x_wconf 89' lang='lat' dir='ltr'><strong>enim</strong></span> <span class='ocrx_word' id='word_1_198' title='bbox 1378 1874 1471 1910; x_wconf 87' lang='lat' dir='ltr'><strong>erat</strong></span> 
     </span>
     <span class='ocr_line' id='line_1_25' title="bbox 188 1937 1468 2002; baseline -0.002 -17"><span class='ocrx_word' id='word_1_199' title='bbox 188 1956 214 1985; x_wconf 88' lang='lat' dir='ltr'><strong>a</strong></span> <span class='ocrx_word' id='word_1_200' title='bbox 234 1941 381 2002; x_wconf 86' lang='lat' dir='ltr'><strong>paucis</strong></span> <span class='ocrx_word' id='word_1_201' title='bbox 399 1941 528 1987; x_wconf 84' lang='lat' dir='ltr'><strong>etiam</strong></span> <span class='ocrx_word' id='word_1_202' title='bbox 546 1939 700 1986; x_wconf 88' lang='lat' dir='ltr'><strong>iustam</strong></span> <span class='ocrx_word' id='word_1_203' title='bbox 714 1937 1036 1985; x_wconf 78' lang='lat' dir='ltr'><strong>excusationem</strong></span> <span class='ocrx_word' id='word_1_204' title='bbox 1056 1955 1147 1984; x_wconf 82' lang='lat' dir='ltr'><strong>non</strong></span> <span class='ocrx_word' id='word_1_205' title='bbox 1162 1937 1318 1999; x_wconf 85' lang='lat' dir='ltr'><strong>accipi,</strong></span> <span class='ocrx_word' id='word_1_206' title='bbox 1338 1953 1468 1999; x_wconf 80' lang='lat' dir='ltr'><strong>quam</strong></span> 
     </span>
     <span class='ocr_line' id='line_1_26' title="bbox 189 2009 1473 2075; baseline -0.002 -18"><span class='ocrx_word' id='word_1_207' title='bbox 189 2013 244 2058; x_wconf 84' lang='lat' dir='ltr'><strong>ab</strong></span> <span class='ocrx_word' id='word_1_208' title='bbox 257 2012 462 2059; x_wconf 82' lang='lat' dir='ltr'><strong>omnibus</strong></span> <span class='ocrx_word' id='word_1_209' title='bbox 480 2013 666 2075; x_wconf 85' lang='lat' dir='ltr'><strong>aliquam</strong></span> <span class='ocrx_word' id='word_1_210' title='bbox 680 2010 852 2059; x_wconf 85' lang='lat' dir='ltr'><strong>tentari.</strong></span> <span class='ocrx_word' id='word_1_211' title='bbox 865 2011 1031 2057; x_wconf 84' lang='lat' dir='ltr'><strong>Omnia</strong></span> <span class='ocrx_word' id='word_1_212' title='bbox 1047 2009 1180 2058; x_wconf 87' lang='lat' dir='ltr'><strong>fecisti</strong></span> <span class='ocrx_word' id='word_1_213' title='bbox 1196 2022 1243 2057; x_wconf 90' lang='lat' dir='ltr'><strong>ut</strong></span> <span class='ocrx_word' id='word_1_214' title='bbox 1257 2010 1473 2058; x_wconf 85' lang='lat' dir='ltr'><strong>redderes.</strong></span> 
     </span>
     <span class='ocr_line' id='line_1_27' title="bbox 192 2085 1472 2148; baseline 0 -18"><span class='ocrx_word' id='word_1_215' title='bbox 192 2086 293 2131; x_wconf 87' lang='lat' dir='ltr'><strong>Hoc</strong></span> <span class='ocrx_word' id='word_1_216' title='bbox 322 2085 382 2131; x_wconf 90' lang='lat' dir='ltr'><strong>illi</strong></span> <span class='ocrx_word' id='word_1_217' title='bbox 410 2085 507 2133; x_wconf 82' lang='lat' dir='ltr'><strong>satis</strong></span> <span class='ocrx_word' id='word_1_218' title='bbox 536 2087 616 2132; x_wconf 85' lang='lat' dir='ltr'><strong>fit:</strong></span> <span class='ocrx_word' id='word_1_219' title='bbox 643 2085 722 2132; x_wconf 83' lang='lat' dir='ltr'><strong>tibi</strong></span> <span class='ocrx_word' id='word_1_220' title='bbox 750 2101 917 2147; x_wconf 89' lang='lat' dir='ltr'><strong>parum.</strong></span> <span class='ocrx_word' id='word_1_221' title='bbox 950 2086 1066 2130; x_wconf 87' lang='lat' dir='ltr'><strong>Nam</strong></span> <span class='ocrx_word' id='word_1_222' title='bbox 1097 2085 1472 2148; x_wconf 86' lang='lat' dir='ltr'><strong>quemadmodum</strong></span> 
     </span>
     <span class='ocr_line' id='line_1_28' title="bbox 190 2155 1475 2219; baseline -0.002 -15"><span class='ocrx_word' id='word_1_223' title='bbox 190 2159 260 2204; x_wconf 91' lang='lat' dir='ltr'><strong>ille</strong></span> <span class='ocrx_word' id='word_1_224' title='bbox 277 2191 292 2213; x_wconf 92' lang='lat'>‚</span> <span class='ocrx_word' id='word_1_225' title='bbox 320 2158 352 2203; x_wconf 88' lang='lat' dir='ltr'><strong>fi</strong></span> <span class='ocrx_word' id='word_1_226' title='bbox 371 2160 542 2206; x_wconf 80' lang='lat' dir='ltr'><strong>enixam</strong></span> <span class='ocrx_word' id='word_1_227' title='bbox 565 2171 609 2206; x_wconf 90' lang='lat' dir='ltr'><strong>et</strong></span> <span class='ocrx_word' id='word_1_228' title='bbox 628 2158 814 2204; x_wconf 89' lang='lat' dir='ltr'><strong>sedulam</strong></span> <span class='ocrx_word' id='word_1_229' title='bbox 841 2173 1020 2219; x_wconf 88' lang='lat' dir='ltr'><strong>operam</strong></span> <span class='ocrx_word' id='word_1_230' title='bbox 1042 2155 1216 2203; x_wconf 88' lang='lat' dir='ltr'><strong>tranfire</strong></span> <span class='ocrx_word' id='word_1_231' title='bbox 1241 2171 1325 2219; x_wconf 84' lang='lat' dir='ltr'><strong>pro</strong></span> <span class='ocrx_word' id='word_1_232' title='bbox 1352 2156 1475 2203; x_wconf 88' lang='lat' dir='ltr'><strong>irrita</strong></span> 
     </span>
     <span class='ocr_line' id='line_1_29' title="bbox 192 2227 1476 2294; baseline -0.003 -17"><span class='ocrx_word' id='word_1_233' title='bbox 192 2232 378 2294; x_wconf 81' lang='lat' dir='ltr'><strong>patitur,</strong></span> <span class='ocrx_word' id='word_1_234' title='bbox 416 2231 485 2278; x_wconf 85' lang='lat' dir='ltr'><strong>cui</strong></span> <span class='ocrx_word' id='word_1_235' title='bbox 512 2231 646 2294; x_wconf 87' lang='lat' dir='ltr'><strong>gratia</strong></span> <span class='ocrx_word' id='word_1_236' title='bbox 673 2229 882 2276; x_wconf 85' lang='lat' dir='ltr'><strong>referatur</strong></span> <span class='ocrx_word' id='word_1_237' title='bbox 908 2227 1111 2291; x_wconf 83' lang='lat' dir='ltr'><strong>indignus</strong></span> <span class='ocrx_word' id='word_1_238' title='bbox 1136 2227 1196 2274; x_wconf 90' lang='lat' dir='ltr'><strong>est</strong></span> <span class='ocrx_word' id='word_1_239' title='bbox 1219 2229 1306 2274; x_wconf 87' lang='lat' dir='ltr'><strong>:ita</strong></span> <span class='ocrx_word' id='word_1_240' title='bbox 1335 2238 1382 2274; x_wconf 90' lang='lat' dir='ltr'><strong>tu</strong></span> <span class='ocrx_word' id='word_1_241' title='bbox 1405 2227 1476 2274; x_wconf 89' lang='lat' dir='ltr'><strong>in-</strong></span> 
     </span>
     <span class='ocr_line' id='line_1_30' title="bbox 193 2300 1475 2367; baseline -0.002 -17"><span class='ocrx_word' id='word_1_242' title='bbox 193 2319 337 2367; x_wconf 82' lang='lat' dir='ltr'><strong>gratus</strong></span> <span class='ocrx_word' id='word_1_243' title='bbox 365 2321 410 2352; x_wconf 81' lang='lat' dir='ltr'><strong>es</strong></span> <span class='ocrx_word' id='word_1_244' title='bbox 425 2340 438 2362; x_wconf 87' lang='lat'>‚</span> <span class='ocrx_word' id='word_1_245' title='bbox 461 2304 537 2350; x_wconf 80' lang='lat' dir='ltr'><strong>nisi</strong></span> <span class='ocrx_word' id='word_1_246' title='bbox 557 2304 622 2361; x_wconf 90' lang='lat' dir='ltr'><strong>ei,</strong></span> <span class='ocrx_word' id='word_1_247' title='bbox 637 2303 714 2367; x_wconf 90' lang='lat' dir='ltr'><strong>qui</strong></span> <span class='ocrx_word' id='word_1_248' title='bbox 736 2302 1008 2351; x_wconf 88' lang='lat' dir='ltr'><strong>voluntatem</strong></span> <span class='ocrx_word' id='word_1_249' title='bbox 1037 2302 1202 2348; x_wconf 90' lang='lat' dir='ltr'><strong>bonam</strong></span> <span class='ocrx_word' id='word_1_250' title='bbox 1220 2301 1266 2347; x_wconf 89' lang='lat' dir='ltr'><strong>in</strong></span> <span class='ocrx_word' id='word_1_251' title='bbox 1286 2300 1475 2348; x_wconf 88' lang='lat' dir='ltr'><strong>solutum</strong></span> 
     </span>
     <span class='ocr_line' id='line_1_31' title="bbox 191 2373 1479 2438; baseline -0.002 -17"><span class='ocrx_word' id='word_1_252' title='bbox 191 2376 388 2438; x_wconf 84' lang='lat' dir='ltr'><strong>accepit,</strong></span> <span class='ocrx_word' id='word_1_253' title='bbox 408 2392 465 2422; x_wconf 89' lang='lat' dir='ltr'><strong>eo</strong></span> <span class='ocrx_word' id='word_1_254' title='bbox 488 2376 694 2424; x_wconf 80' lang='lat' dir='ltr'><strong>libentius</strong></span> <span class='ocrx_word' id='word_1_255' title='bbox 723 2375 875 2431; x_wconf 87' lang='lat' dir='ltr'><strong>debes,</strong></span> <span class='ocrx_word' id='word_1_256' title='bbox 898 2373 1000 2437; x_wconf 89' lang='lat' dir='ltr'><strong>quia</strong></span> <span class='ocrx_word' id='word_1_257' title='bbox 1018 2374 1264 2421; x_wconf 87' lang='lat' dir='ltr'><strong>dimitteris.</strong></span> <span class='ocrx_word' id='word_1_258' title='bbox 1285 2375 1392 2419; x_wconf 93' lang='lat' dir='ltr'><strong>Non</strong></span> <span class='ocrx_word' id='word_1_259' title='bbox 1407 2389 1479 2419; x_wconf 90' lang='lat' dir='ltr'><strong>ra-</strong></span> 
     </span>
    </p>
   </div>
   <div class='ocr_carea' id='block_1_4' title="bbox 193 2445 1480 2558">
    <p class='ocr_par' dir='ltr' id='par_1_5' title="bbox 193 2445 1480 2558">
     <span class='ocr_line' id='line_1_32' title="bbox 193 2445 1480 2558; baseline -0.001 -63"><span class='ocrx_word' id='word_1_260' title='bbox 193 2449 284 2511; x_wconf 82' lang='lat' dir='ltr'><strong>pias</strong></span> <span class='ocrx_word' id='word_1_261' title='bbox 301 2449 412 2509; x_wconf 89' lang='lat' dir='ltr'><strong>hoc,</strong></span> <span class='ocrx_word' id='word_1_262' title='bbox 436 2465 517 2497; x_wconf 84' lang='lat' dir='ltr'><strong>nec</strong></span> <span class='ocrx_word' id='word_1_263' title='bbox 536 2449 701 2498; x_wconf 84' lang='lat' dir='ltr'><strong>testeris</strong></span> <span class='ocrx_word' id='word_1_264' title='bbox 719 2467 730 2497; x_wconf 92' lang='lat'>:</span> <span class='ocrx_word' id='word_1_265' title='bbox 751 2448 1003 2497; x_wconf 80' lang='lat' dir='ltr'><strong>occasiones</strong></span> <span class='ocrx_word' id='word_1_266' title='bbox 1020 2446 1231 2558; x_wconf 52' lang='grc' dir='ltr'>τεάἀεὲἀί</span> <span class='ocrx_word' id='word_1_267' title='bbox 1253 2445 1480 2499; x_wconf 59' lang='lat' dir='ltr'><strong>nihilomi÷</strong></span> 
     </span>
     <span class='ocr_line' id='line_1_33' title="bbox 1222 2528 1249 2558; baseline 0 0"><span class='ocrx_word' id='word_1_268' title='bbox 1222 2528 1249 2558; x_wconf 89' lang='lat'><em>2</em></span> 
     </span>
    </p>
   </div>
  </div>
 </body>
</html>
