1742 2967
290 142 380 191 262
534 143 582 191 L.
635 141 929 188 ANNAEI
982 141 1343 189 SENECAE

287 249 397 296 mihi
434 249 715 297 determinari
744 250 853 297 volo
872 286 884 307 ,
915 250 945 297 fi
975 264 1018 298 et
1048 251 1158 312 patri
1187 249 1450 297 beneficium
1485 249 1566 297 daz

287 335 380 380 tur,
419 323 636 386 numquid
663 336 705 369 et
725 322 878 369 fratri?
909 323 1122 386 numquid
1141 334 1184 370 et
1203 322 1390 385 patruo?
1433 339 1565 368 num-

285 396 392 457 quid
419 395 542 442 avo?
573 395 789 457 numquid
820 396 981 452 uxori,
1011 411 1055 442 et
1080 396 1261 442 socero?
1300 395 1391 441 Dic
1421 394 1528 440 mihi
1549 429 1566 453 ,

284 468 361 515 ubi
390 470 571 517 debeam
597 467 789 516 definere
811 486 820 515 :
848 469 1075 533 quousque
1101 470 1386 532 personarum
1411 467 1564 515 seriem

275 540 450 604 sequar.
482 542 524 586 Si
548 558 697 604 agrum
719 554 841 588 tuum
869 542 1051 589 coluero
1066 577 1080 599 ,
1104 542 1183 588 tibi
1206 540 1468 588 beneficium
1488 541 1562 587 de-

284 616 393 662 dero
416 634 426 661 :
452 615 481 660 fi
502 616 686 662 domum
716 628 832 661 tuam
858 615 1079 662 ardentem
1115 615 1353 663 restinxero
1370 651 1382 671 ‚
1417 629 1489 661 aut
1507 630 1564 660 ne

284 686 490 735 concidat
520 703 768 749 excepere,
804 687 884 734 tibi
912 687 1174 734 beneficium
1210 704 1301 733 non
1334 687 1476 733 dabo?
1521 685 1564 733 Si

283 757 459 807 servum
492 775 617 807 tuum
648 759 882 806 servavero
901 795 916 817 ,
947 759 1026 806 tibi
1057 761 1317 823 imputabo:
1360 759 1390 805 fi
1424 759 1563 806 filium

286 842 411 878 tuum
434 831 691 886 servavero,
715 847 808 877 non
828 831 1006 880 habebis
1032 830 1293 877 beneficium
1314 830 1493 877 meum?

347 905 475 952 XIX.
503 904 739 951 Diffimilia
766 903 894 966 ponis
925 905 1155 967 exempla:
1176 904 1277 967 quia
1305 904 1380 967 qui
1407 920 1562 966 agrum

282 996 428 1026 meum
459 979 565 1025 colit
585 1016 598 1036 ,
626 995 734 1041 agro
764 978 1028 1026 beneficium
1060 996 1153 1024 non
1188 979 1290 1035 dat,
1321 978 1394 1024 sed
1422 978 1562 1024 mihi:

281 1065 325 1098 et
349 1053 424 1114 qui
444 1053 626 1098 domum
653 1069 796 1098 meam
812 1088 827 1108 ,
850 1068 944 1115 quo
972 1051 1114 1097 minus
1131 1064 1250 1110 ruat,
1269 1050 1418 1107 fulcit,
1439 1067 1563 1113 prae-

281 1124 359 1173 ssat
385 1125 494 1171 mihi
524 1144 535 1171 :
567 1125 655 1187 ipsa
681 1126 797 1175 enim
822 1126 980 1173 domus
1009 1126 1095 1172 fine
1121 1125 1242 1171 sensu
1263 1125 1335 1171 est.
1367 1125 1562 1171 Debito-

281 1214 374 1245 rem
408 1214 479 1244 me
507 1198 664 1254 habet,
696 1197 799 1259 quia
834 1198 998 1244 nullum
1031 1198 1176 1244 habet.
1217 1201 1271 1244 Et
1299 1199 1376 1261 qui
1406 1214 1560 1261 agrum

281 1287 430 1316 meum
453 1270 583 1328 colit,
607 1286 699 1316 non
717 1270 839 1317 illum
854 1305 869 1328 ‚
887 1271 959 1317 sed
979 1287 1047 1317 me
1065 1271 1278 1318 demereri
1303 1270 1423 1318 vult.·
1439 1272 1562 1319 Idem

280 1342 336 1388 de
357 1343 486 1389 servo
515 1342 675 1389 dicam.
706 1342 794 1390 mei
826 1342 1032 1405 mancipii
1056 1360 1124 1390 res
1151 1343 1237 1401 est,
1274 1343 1382 1389 mihi
1410 1343 1560 1390 serva·-

280 1429 350 1463 tur
375 1433 386 1462 :
412 1416 514 1462 ideo
549 1433 633 1479 ego
666 1432 749 1478 pro
780 1416 858 1463 illo
885 1417 1045 1467 debeo,
1079 1417 1205 1464 Filius
1234 1416 1324 1480 ipse
1353 1417 1560 1465 beneficii

279 1504 417 1550 capax
442 1488 532 1535 ests
557 1488 702 1551 itaque
733 1488 801 1535 ille
827 1488 1017 1550 accipit;
1047 1505 1131 1552 ego
1161 1488 1378 1537 beneficio
1404 1490 1560 1540 laetor.

278 1559 548 1623 confingor,
585 1577 675 1606 non
705 1560 898 1624 obligor.
932 1560 1077 1607 Velim
1099 1574 1274 1618 tamen,
1303 1573 1350 1607 tu
1381 1562 1455 1625 qui
1475 1563 1558 1611 de-

275 1630 382 1678 bere
399 1647 492 1677 non
515 1645 664 1698 putas,
688 1634 952 1695 respondeas
968 1634 1074 1679 mihi
1099 1651 1110 1679 :
1132 1633 1225 1679 Filii
1249 1634 1364 1680 bona
1385 1633 1556 1681 valetu-

275 1704 337 1750 do
350 1737 363 1760 ,
397 1701 599 1761 felicitas,
623 1705 937 1766 patrimonium
953 1741 966 1762 ‚
985 1707 1173 1767 pertinet
1191 1707 1246 1753 ad
1267 1723 1432 1770 patrem
1452 1706 1470 1757 ἓ
1495 1706 1557 1754 fe-

272 1775 400 1824 licior
424 1773 594 1822 futurus
617 1776 703 1834 est,
728 1775 758 1822 {i
784 1777 950 1824 salvum
979 1778 1178 1825 habuerit
1203 1777 1342 1825 filium
1371 1796 1384 1826 ε
1411 1778 1555 1826 infeli-

272 1848 371 1897 cior
388 1879 402 1903 ,
434 1846 464 1892 fi
492 1847 717 1901 amiserit?
758 1849 882 1910 Quid
916 1855 1055 1913 ergo?
1080 1851 1155 1914 qui
1184 1866 1227 1897 et
1253 1850 1427 1897 felicior
1449 1849 1500 1897 fit
1529 1867 1555 1898 a

272 1936 368 1976 me,
388 1931 431 1965 et
453 1918 719 1967 infelicitatis
747 1921 961 1968 maximae
983 1921 1177 1983 periculo
1204 1921 1437 1978 liberatur,
1461 1938 1555 1969 non

273 1992 434 2056 accipit
459 1991 754 2040 beneficium?
782 1994 914 2051 Non,
946 1994 1102 2056 inquit.
1135 1995 1347 2058 quaedam
1368 1994 1555 2043 enimin

268 2066 377 2114 alios
397 2065 710 2122 conferuntur,
732 2067 806 2115 sed
833 2066 887 2113 ad
921 2084 1003 2114 nos
1035 2067 1170 2131 usque
1198 2080 1466 2130 permanant.
1495 2067 1554 2113 ab

265 2154 325 2185 eo
355 2151 501 2185 atttem
524 2140 640 2203 exigi
672 2139 865 2203 quidque
897 2139 1053 2198 debet,
1079 2140 1125 2185 in
1150 2157 1281 2204 quem
1302 2139 1553 2191 confertur:

262 2210 370 2257 sicut
388 2211 573 2273 pecunia
604 2211 660 2259 ab
686 2227 744 2259 eo
765 2212 954 2275 petitur,
986 2213 1056 2262 cui
1087 2213 1250 2260 credita
1277 2213 1359 2270 est,
1385 2229 1546 2275 quam-

260 2285 330 2335 vis
355 2284 410 2330 ad
440 2302 511 2334 me
535 2284 604 2338 illa
633 2286 780 2349 aliquo
801 2288 942 2334 modo
972 2288 1154 2334 venerit.
1195 2288 1376 2334 Nullum
1408 2287 1544 2332 benev

261 2352 414 2403 ficium
443 2356 503 2402 est
520 2392 533 2414 ,
562 2356 684 2404 cuius
707 2359 997 2414 commodum
1019 2374 1113 2404 non
1136 2373 1179 2405 et
1205 2359 1434 2421 proximos
1454 2373 1546 2405 tan·

257 2442 352 2497 gat,
373 2445 692 2496 nonnunquam
717 2432 850 2480 etiam
868 2432 1040 2496 longius
1066 2430 1243 2498 positos.
1275 2432 1319 2480 N
1324 2447 1384 2479 on
1401 2445 1536 2498 quae-‹-
