1742 2967
256 159 349 208 268
482 156 533 207 L.
585 162 893 218 ANNAEI
950 164 1314 213 SENECAE

253 266 360 323 scis,
386 267 552 325 nolim,
579 285 634 316 an
666 270 894 334 ignorem3
924 270 1120 329 animus,
1149 290 1202 320 an
1231 272 1416 321 facultas
1436 275 1540 323 defi‘t

252 342 394 389 mihi?
423 344 638 406 experire.
669 344 939 392 Admonebo
970 362 1102 409 ergo,
1131 363 1222 393 non
1248 364 1418 405 amare,
1450 366 1541 395 non

253 415 427 477 palam,
455 416 542 464 fine
576 417 823 465 convicio:
853 419 940 475 sic,
968 433 1017 467 ut
1038 419 1079 466 se
1108 420 1264 468 rediffe
1293 420 1338 466 in
1366 436 1540 467 merno-

253 489 362 536 riam
380 525 394 547 ,
419 507 510 537 non
535 491 684 538 reduci
705 503 840 554 puter.

318 565 492 611 XX1V.
512 565 698 612 Causam
717 566 889 612 dicebat
907 567 1022 628 apud
1043 564 1196 614 divum
1215 566 1370 614 Iulium
1390 583 1445 614 ex
1465 584 1542 616 ve-

254 638 416 704 teranis
453 639 632 702 quidam
678 639 810 701 paulo
843 639 1083 685 violentior
1119 639 1323 687 adversus
1368 641 1544 688 vicinos

254 709 354 756 suos
370 746 382 769 ‚
401 723 443 757 et
463 711 586 757 causa
604 711 896 774 premebatur.
919 711 1184 768 Meministi,
1205 712 1379 774 inquit,
1399 715 1543 775 Impe-

254 793 400 838 rator,
417 783 461 829 in
479 783 687 847 Hispania
713 784 843 830 talum
866 796 908 830 te
929 784 1095 831 torfiffe
1124 785 1239 832 circa
1265 786 1542 833 Sucronem?

253 855 371 902 Cum
389 857 547 904 Caesar
564 857 808 905 meminisse
829 859 870 905 se
889 858 1061 905 dixisset
1079 859 1388 906 :Meministin'
1406 859 1543 915 idem,

252 929 423 994 inquit,
458 930 537 977 sub
559 933 747 995 quadam
780 933 938 979 arbore
968 932 1199 979 minimum
1227 934 1407 980 umbrae
1425 933 1546 995 spar-

254 1017 403 1066 gente,
422 1019 524 1050 cum
547 1005 680 1051 velles
700 1003 884 1054 relidere
905 1004 1227 1068 ferventiffirno
1247 1005 1360 1064 sole,
1377 1019 1420 1052 et
1440 1006 1546 1053 estet

256 1076 522 1138 asperrimus
542 1077 667 1126 locus
681 1115 694 1137 ,
721 1080 765 1125 in
786 1096 879 1142 quo
900 1097 954 1126 ex
972 1079 1154 1142 rupibus
1174 1079 1308 1126 acutis
1326 1079 1455 1126 unica
1471 1079 1544 1126 illa

255 1151 390 1197 arbor
420 1164 651 1213 eruperat,
678 1153 900 1214 quendam
923 1169 978 1198 ex
999 1152 1378 1199 commilitonibus
1401 1169 1544 1214 penu-

257 1221 342 1267 lam
365 1221 482 1283 suam
507 1222 810 1270 substravisse?
838 1225 953 1270 Cum
973 1224 1142 1274 dixisset
1161 1223 1317 1270 Caesar
1337 1241 1348 1271 ε
1373 1223 1545 1284 Quidni

257 1294 564 1341 meminerim?
582 1307 625 1341 et
644 1296 822 1359 quidem
842 1298 908 1344 fiti
928 1297 1173 1353 confectus,
1193 1298 1294 1361 quia
1311 1297 1544 1360 impeditus

253 1366 320 1417 ire
343 1367 400 1412 ad
430 1366 617 1414 fontem<
633 1369 887 1430 proximum
912 1386 1002 1417 non
1022 1383 1247 1433 poteram,
1280 1386 1436 1431 repere
1455 1386 1545 1415 ma-

255 1441 382 1487 nibus
403 1442 608 1489 volebam
624 1479 638 1502 ‚
666 1444 742 1490 nifi
760 1445 1011 1492 commilito
1024 1480 1039 1501 ,
1060 1445 1202 1491 homo
1221 1443 1346 1490 fortis
1369 1460 1419 1490 ac
1439 1442 1544 1489 stre-

256 1530 390 1567 nuus,
412 1531 569 1577 aquam
597 1516 707 1572 mihi
728 1507 772 1562 i'n
795 1518 914 1580 galea
935 1516 1006 1563 sua
1026 1516 1239 1563 attulisset.
1260 1517 1389 1562 Potes
1406 1531 1515 1578 ergo
1529 1548 1544 1570 ,

255 1587 433 1651 inquit,
465 1591 736 1650 Imperator,
764 1591 1000 1654 agnoscere
1029 1589 1151 1636 illum
1183 1589 1411 1637 hominem
1430 1624 1444 1646 ,
1474 1600 1547 1635 aut

255 1659 374 1705 illam
397 1661 596 1723 galeam?
618 1662 774 1709 Caesar
786 1663 843 1708 ait
856 1698 871 1719 ,
890 1661 931 1708 se
951 1677 1042 1708 non
1057 1661 1179 1725 poffe
1197 1662 1362 1725 galeam
1383 1661 1544 1724 agnos-

258 1748 391 1793 cere,
413 1734 639 1781 hominem
675 1736 857 1797 pulchre
888 1732 1039 1798 poffe:
1069 1748 1113 1782 et
1141 1735 1323 1791 adiecit,
1352 1747 1462 1797 puto
1481 1734 1542 1780 ob

256 1805 376 1853 hoc
366 1814 527 1863 iratus,
557 1809 678 1871 quod
699 1808 750 1856 se
767 1826 790 1854 a
817 1809 1076 1873 cognitione
1102 1810 1248 1856 media
1268 1809 1321 1856 ad
1347 1819 1543 1854 veterem

255 1867 484 1924 fabulam
464 1879 728 1926 adduceret:
747 1881 820 1927 Tu
851 1882 1003 1944 utique
1032 1881 1102 1928 ille
1135 1897 1226 1926 non
1252 1896 1311 1927 es.
1345 1880 1508 1935 Merito
1527 1915 1543 1939 ,

255 1951 424 2015 inquit,
445 1951 629 2010 Caesar,
649 1969 720 1999 me
741 1969 832 1999 non
853 1954 1076 2016 agnolcis:
1098 1970 1198 1999 nam
1219 1971 1319 2001 cum
1340 1953 1428 1999 hoc
1447 1951 1540 1999 fac-

255 2037 349 2072 tum
367 2024 459 2082 est,
494 1987 663 2088 integer
692 2042 825 2072 eram.
856 2027 1005 2089 postea
1038 2027 1090 2073 ad
1124 2027 1339 2073 Mundam
1374 2025 1420 2071 in
1449 2026 1541 2072 acie

258 2097 417 2145 oculus
440 2098 547 2145 mihi
575 2098 752 2148 effossus
775 2099 857 2158 est,
879 2106 937 2148 et'
952 2100 996 2146 in
1023 2099 1163 2163 capite
1192 2101 1301 2147 lecta
1323 2099 1428 2146 offa.
1444 2100 1541 2146 Nec

256 2171 418 2234 galeam
438 2170 566 2216 illam‘
585 2170 616 2218 fi
638 2171 833 2228 videres,
858 2173 1115 2236 agnosceres
1137 2190 1147 2218 :
1174 2173 1403 2219 machaera
1422 2172 1542 2218 enim

259 2244 451 2307 Hispana
469 2243 606 2291 divisa
621 2244 694 2292 est.
713 2248 862 2292 Vetuit
882 2246 942 2292 illi
962 2246 1161 2309 exhiberi
1182 2246 1410 2309 negotium
1428 2247 1542 2291 Cae-

256 2318 350 2364 sar:
377 2330 420 2364 et
440 2317 631 2381 agellos,
662 2319 708 2365 in
739 2320 896 2381 quibus
920 2318 1118 2367 vicinalis
1141 2318 1241 2376 via,
1273 2318 1398 2384 causa
1422 2316 1540 2363 rixae

255 2406 305 2436 ac
330 2390 404 2435 liti·
396 2407 471 2435 um
489 2388 660 2448 fuerat,
683 2409 740 2436 m
730 2391 809 2437 liti
830 2391 908 2437 suo
927 2390 1128 2439 donavit.

289 2465 415 2509 ΧΥ
397 2468 479 2509 V.
514 2466 602 2523 Qu?
592 2465 637 2511 {d
662 2465 803 2528 ergo?
837 2482 926 2511 non
953 2480 1172 2529 repeteret
1194 2463 1456 2513 beneficium
1485 2465 1540 2512 ab
