1742 2967
382 147 481 234 DE
529 182 969 236 BENEFICHS
1011 180 1144 238 ΗΒ.
1189 189 1239 239 11.
1359 208 1447 261 159

175 291 342 339 necesse
360 293 421 339 est
436 330 449 350 ‚
468 311 557 340 non
574 295 697 356 loqui
715 312 785 341 me
808 296 861 342 de
876 296 1139 357 sapientibus
1155 334 1167 356 ‚
1188 316 1298 362 quos
1317 301 1451 365 quid·

176 365 280 427 quid
301 380 480 429 oportet
496 403 509 422 ,
529 380 571 413 et
591 368 711 415 iuvat
728 386 742 423 ;
760 368 835 432 qui
862 371 1054 416 animum
1074 371 1117 416 in
1137 373 1348 434 potestate
1374 377 1450 424 ha-

175 437 308 495 bent,
333 455 376 486 et
401 440 540 503 legem
562 441 665 497 fibi,
691 458 821 504 quarn
841 443 1027 498 volunt,
1055 444 1205 490 dicunt
1221 482 1233 503 ‚
1257 461 1298 493 et
1316 465 1448 512 quam

173 511 393 571 dixerunt,
413 515 583 560 servant
602 532 611 559 :
630 515 702 559 sed
719 515 773 559 de
792 515 850 559 im
860 515 1056 576 perseffis
1076 518 1348 579 hominibus,
1366 522 1450 568 ho·-

173 586 290 631 nesta
309 586 430 649 sequi
454 587 725 643 volentibus,
744 603 934 648 quorum
955 587 1129 635 affefflls
1148 590 1271 653 saepe
1291 606 1450 640 contu*

175 658 355 704 maciter
376 673 541 720 parent.
572 661 719 722 [taque
749 660 972 722 eligendus
999 661 1088 719 est,
1116 678 1140 707 a
1166 679 1257 725 quo
1286 665 1452 714 benefi*

174 729 289 776 cium
312 731 536 793 accipiam.
554 734 606 776 Et
622 731 801 793 quidem
820 732 1069 794 diligentius
1089 736 1359 796 quaerendus
1379 739 1454 787 be·-

175 800 320 848 neficii
351 819 479 866 quam
511 802 720 865 pecuniae
746 803 951 851 creditor.
980 804 1094 851 Huic
1118 806 1233 851 enim
1265 809 1452 856 redden*

174 877 279 923 dum
306 876 390 934 est,
409 889 616 940 quantum
639 877 788 939 accepi
808 894 819 923 x
851 892 894 924 et
913 877 942 923 fi
961 879 1159 936 reddidi,
1180 880 1340 928 solutus
1357 883 1451 932 sum

173 966 222 996 ac
250 950 371 997 liber.
408 952 470 1009 At¹
493 950 550 996 illi
583 950 679 1013 plus
710 950 970 997 solvendum
991 951 1050 996 est
1070 963 1144 997 :et
1168 953 1452 1004 nihilominus

171 1023 300 1070 etiam
320 1059 333 1079 ‚
359 1024 487 1070 relata
505 1025 641 1087 gratia
655 1059 668 1081 ‚
691 1024 992 1071 cohaeremus.
1020 1025 1159 1072 debeo
1179 1028 1294 1073 enim
1312 1064 1327 1087 ‚
1351 1045 1454 1078 cum

173 1096 368 1151 reddidi,
400 1097 543 1142 rursus
571 1095 778 1158 incipere.
810 1097 835 1119 ὕ
870 1099 1116 1160 Monetque
1144 1098 1333 1146 amicitia
1358 1118 1452 1148 non

175 1170 368 1233 recipere
393 1169 633 1234 indignum.
665 1169 722 1216 fic
743 1168 803 1216 est
832 1169 1151 1217 beneficiorum
1182 1173 1357 1235 quidem
1384 1174 1454 1221 sa·-

174 1243 452 1291 cratiffimum
481 1244 572 1301 ius,
603 1260 662 1289 exi
688 1259 778 1306 quo
798 1243 985 1290 amicitia
1010 1244 1164 1291 oritur.
1194 1248 1299 1293 Non
1332 1247 1449 1295 sem-

171 1332 279 1378 per,
297 1315 463 1378 inquit,
490 1315 596 1361 mihi
615 1314 715 1361 licet
734 1314 899 1370 dicere,
925 1315 1046 1360 Nolo
1072 1332 1082 1359 ε
1112 1318 1347 1380 aliquando
1371 1319 1452 1365 be-‘

174 1388 379 1436 neficium
413 1387 721 1450 accipiendum
756 1387 816 1433 est
850 1399 892 1433 et
922 1388 1080 1435 invito.
1114 1389 1208 1435 Dat
1238 1404 1452 1453 tyrannus

163 1460 360 1507 ,crudelis
387 1475 430 1506 et
459 1459 719 1505 iracundus:
741 1460 814 1520 qui
840 1475 998 1505 munus
1021 1460 1142 1506 suum
1165 1460 1355 1509 fastidire
1379 1478 1451 1520 te,

171 1532 374 1579 iniuriam
403 1532 669 1579 iudicaturus
690 1531 763 1577 est.
795 1532 899 1577 Non
922 1532 1162 1595 accipiam?
1197 1536 1365 1583 Eodem
1383 1537 1452 1583 lo*

167 1620 226 1651 co
266 1621 390 1667 pono
435 1606 652 1650 latronem
691 1614 734 1649 et
769 1605 981 1666 piratam,
1016 1622 1108 1669 quo
1146 1623 1327 1669 regem,
1351 1609 1449 1654 ani-

171 1693 294 1723 mum
331 1676 508 1723 latronis
538 1692 586 1721 ac
624 1675 786 1737 piratae
819 1675 1064 1725 habentem.
1101 1680 1225 1739 Quid
1262 1679 1449 1728 faciam?

170 1765 323 1812 parum
353 1750 506 1813 dignus
525 1748 611 1807 est,
640 1750 713 1796 cui
739 1750 936 1798 debeam.
972 1753 1089 1798 Cum
1111 1753 1355 1815 eligendum
1383 1755 1451 1801 di-

172 1840 229 1871 co
262 1823 330 1871 cui
373 1824 529 1871 debeas
552 1855 566 1878 ‚
594 1822 685 1870 vim
723 1823 933 1869 maiorem
967 1839 1010 1871 et
1041 1839 1205 1871 metum
1239 1826 1450 1889 excipio:

172 1899 329 1960 quibus
356 1898 588 1955 adhibitis,
611 1897 765 1945 eleffio
795 1900 922 1961 perit.
961 1899 1004 1945 Si
1032 1898 1218 1947 liberum
1252 1900 1313 1947 est
1343 1902 1452 1961 tibi,

171 1972 201 2016 fi
228 1971 393 2017 arbitrii
424 1970 485 2017 tui
516 1970 602 2029 est,
631 1984 779 2017 utrum
802 1972 936 2028 velis,
958 1990 1012 2018 an
1043 1988 1163 2027 non;
1199 1973 1243 2019 id
1271 1975 1385 2037 apud
1406 1987 1451 2022 te

172 2043 261 2105 ipse
296 2045 550 2106 perpendes.
595 2044 625 2090 fi
659 2044 881 2092 neceffitas
912 2045 1024 2092 tollit
1052 2046 1309 2102 arbitrium‘3
1344 2048 1451 2096 scies

170 2126 212 2160 te
251 2132 340 2161 non
371 2116 597 2178 accipere,
631 2117 705 2165 sed
741 2134 909 2180 parere.
958 2118 1105 2165 Nemo
1136 2118 1182 2165 id
1224 2119 1450 2182 accipien-

172 2190 233 2234 do
264 2190 509 2252 obligatur,
540 2193 663 2255 quod
689 2191 749 2238 illi
775 2193 1004 2255 repudiare
1032 2210 1124 2239 non
1150 2193 1282 2240 licuit.
1308 2195 1351 2240 Si
1382 2195 1451 2243 vis

173 2262 281 2310 scire
297 2299 311 2322 ,
337 2281 392 2309 an
420 2265 581 2321 velim;
608 2265 756 2322 effice,
782 2279 833 2312 ut
864 2266 1022 2329 poffim
1041 2266 1174 2313 nolle.
1205 2268 1355 2314 Vitam
1382 2276 1449 2314 fa«

173 2351 275 2380 men
303 2335 381 2381 tibi
404 2336 537 2384 dedit.
559 2353 650 2382 non
671 2336 803 2384 refert
828 2339 935 2401 quid
960 2339 1008 2386 fit
1026 2372 1040 2395 ‚
1059 2340 1182 2403 quod
1199 2341 1352 2398 datur,
1370 2339 1449 2386 nist

171 2422 196 2452 a
222 2408 401 2455 volente
427 2409 594 2456 volenti
622 2410 764 2458 detur.
798 2411 841 2456 Si
876 2409 1049 2457 servasti
1082 2428 1183 2469 me,
1218 2430 1308 2459 non
1343 2413 1450 2463 ideo

170 2479 368 2531 servator
394 2497 454 2529 es.
481 2483 716 2530 Venenum
747 2482 983 2547 aliquando
1012 2500 1096 2547 pro
1125 2486 1322 2534 remedio
1351 2483 1452 2535 fuit-2
