1742 2967
359 199 457 244 DE
507 197 930 242 EENEFICIIS
984 197 1112 244 [113.
1160 198 1237 243 VI.
1353 201 1439 244 281

167 304 287 352 tivos
306 304 407 352 suos
423 340 436 363 ‚
452 318 512 351 *ut
531 304 812 351 commodius
833 315 1068 361 vaeneant,
1098 303 1261 366 pascit,
1283 315 1325 350 et
1344 305 1446 366 opi-

166 394 264 424 mos
293 377 433 423 boves
457 375 621 439 saginat
644 393 694 424 ac
718 375 930 431 defricat3
960 393 1049 439 quo
1075 376 1249 432 lanista,
1275 376 1348 439 qui
1381 377 1443 423 fa·

167 450 330 496 miliam
350 449 466 496 suam
493 449 657 495 summa
678 465 783 495 cura
812 459 1004 505 exercet,
1024 461 1154 510 atque
1171 464 1311 496 ornat.
1330 448 1446 495 Mul-

164 537 255 571 tum
281 525 365 582 (ut
385 523 444 570 ait
463 522 732 587 Cleanthes)
752 540 774 569 a
795 521 1011 569 beneficio
1032 521 1155 568 distat
1186 522 1444 585 negotiatiO.

228 596 348 642 Xssl.
376 593 536 640 Rursus
562 611 653 641 non
674 594 763 641 sum
789 609 876 640 tam
894 593 1069 656 iniquus
1085 625 1098 648 ‚
1118 604 1164 639 ut
1184 593 1290 638 nihil
1312 593 1352 638 ei
1369 595 1445 640 de-

165 670 320 727 beam,
349 668 423 732 qui
455 685 552 715 cum
586 669 694 715 mihi
718 668 834 715 utilis
864 667 968 714 esset
988 699 1001 722 ‚
1037 665 1120 712 fuit
1149 682 1192 712 et
1218 666 1309 712 fibi,
1340 669 1444 713 Non

165 743 281 790 enim
297 743 450 806 exigo,
470 754 516 789 ut
534 742 620 789 fine
637 742 832 804 respefilu
855 740 916 787 sui
938 741 1042 786 mihi
1063 740 1281 787 consulat:
1306 741 1448 787 immo

166 817 296 863 etiam
330 831 468 878 opw,
499 829 546 862 ut
579 813 838 862 beneficium
870 813 977 860 mihi
999 814 1144 860 datum
1163 844 1177 867 ‚
1208 813 1281 860 vel
1310 813 1447 876 magis

167 888 285 943 danti
307 886 547 950 profuerit:
565 887 812 932 dummodo
829 885 874 932 id
893 885 967 948 qui
982 886 1132 941 dabat,
1152 886 1262 932 duos
1275 884 1447 932 intuens

166 958 359 1021 dederit,
381 975 424 1009 et
449 962 561 1008 inter
581 977 651 1008 me
674 961 804 1024 seque
831 959 1042 1007 diviserit.
1080 958 1204 1006 Licet
1222 958 1266 1005 id
1286 958 1374 1021 ipse
1393 976 1448 1005 ex

165 1035 335 1082 maiore
360 1047 481 1098 parte
510 1033 748 1096 possideat,
779 1033 809 1079 si
842 1034 982 1079 modo
1002 1049 1071 1079 me
1100 1031 1144 1077 in
1169 1031 1446 1079 consortium
1506 1040 1515 1055 “

166 1108 361 1166 admisit,
389 1109 418 1154 fi
437 1109 550 1155 duos
575 1107 791 1170 cogitavit
813 1125 823 1153 ε
843 1106 1034 1171 ingratus
1052 1106 1144 1153 sum
1162 1141 1175 1163 ,
1195 1122 1286 1152 non
1305 1105 1447 1152 solum

94 1200 100 1211 ’
166 1181 372 1239 iniustus,
402 1182 478 1228 nili
497 1182 668 1246 gaudeo
688 1182 774 1228 hoc
794 1181 854 1227 illi
876 1179 1111 1244 profuisse,
1137 1181 1258 1244 quod
1285 1180 1448 1242 prode·

166 1267 231 1301 rat
250 1255 372 1302 mihi.
395 1256 600 1301 Summae
625 1254 899 1318 malignitatis
922 1254 1003 1313 est,
1024 1271 1113 1301 non
1131 1270 1294 1302 vocare
1314 1255 1448 1301 bene-

169 1326 316 1374 ficium
335 1363 347 1385 ‚
369 1327 445 1373 nisi
465 1329 586 1391 quod
608 1328 780 1374 dantem
801 1327 950 1390 aliquo
972 1327 1264 1374 incommodo
1288 1326 1447 1374 affecit.

169 1401 308 1447 Aliter
327 1401 410 1459 illi,
432 1401 507 1464 qui
527 1399 792 1447 beneficium
813 1401 884 1446 dat
901 1399 972 1446 sua
988 1400 1133 1456 causa,
1152 1400 1446 1462 respondebo.

169 1474 281 1520 Usus
305 1491 374 1520 me
392 1509 404 1529 ‚
420 1491 554 1537 quare
574 1473 719 1536 potius
739 1487 780 1519 te
803 1473 908 1520 mihi
927 1472 1138 1535 profuisse
1162 1472 1294 1529 dices,
1316 1490 1446 1535 quam

168 1563 239 1592 me
260 1545 368 1592 tibi?
388 1548 514 1601 Puta,
531 1545 688 1608 inquit,
707 1545 829 1591 aliter
848 1543 944 1591 fieri
965 1561 1054 1591 non
1074 1544 1194 1607 posse
1215 1561 1284 1591 me
1303 1545 1446 1606 magi-

168 1621 371 1678 stratum,
390 1638 519 1684 quam
538 1619 568 1666 si
583 1621 733 1667 decem
755 1632 906 1682 captos
925 1620 1041 1667 cives
1059 1635 1111 1665 ex
1130 1635 1291 1682 magno
1311 1619 1448 1681 capti-

169 1710 331 1741 vorum
347 1708 534 1739 numero
554 1693 807 1740 redemero:
829 1691 936 1737 nihil
958 1691 1133 1739 debebis
1146 1691 1269 1748 mihi,
1287 1708 1384 1737 cum
1405 1706 1448 1740 te

168 1767 371 1814 servitute
382 1783 433 1813 ac
447 1765 632 1814 vinculis
649 1765 927 1814 liberavero?
953 1767 1072 1828 atqui
1086 1782 1181 1811 mea
1194 1765 1240 1810 id
1254 1765 1375 1812 causa
1391 1765 1452 1811 fa-

170 1842 294 1888 ciam.
314 1841 533 1889 Adversus
552 1840 637 1887 hoc
654 1840 912 1902 respondeo.
930 1840 1104 1903 Aliquid
1120 1839 1212 1886 istic
1231 1850 1301 1886 tua
1324 1838 1448 1884 causa

168 1914 289 1972 facis,
307 1915 470 1977 aliquid
489 1931 598 1961 mea.
618 1915 731 1971 Tua,
754 1916 875 1977 quod
893 1915 1094 1961 redimis:
1112 1929 1223 1970 mea,
1243 1912 1365 1975 quod
1381 1911 1448 1957 eli-

171 1989 245 2051 gis.
263 1988 341 2035 tibi
360 1989 476 2035 enim
490 1989 543 2034 ad
561 1987 788 2035 utilitatem
811 2003 930 2036 tuam
952 1987 1044 2034 satis
1068 1986 1126 2033 est
1146 1986 1363 2050 quoslibet
1382 2001 1449 2031 re-

173 2063 362 2109 demisse.
382 2066 530 2125 ltaque
539 2061 699 2115 debeo,
714 2079 803 2108 non
818 2062 940 2125 quod
953 2061 1130 2108 redimis
1140 2078 1227 2120 me,
1240 2060 1309 2108 sed
1326 2059 1449 2123 quod

171 2137 291 2201 eligis
309 2155 319 2183 ε
346 2149 517 2200 poteras
537 2137 651 2183 enim
668 2149 710 2182 et
724 2137 894 2183 alterius
914 2135 1184 2183 redemtione
1208 2136 1324 2182 idern
1340 2152 1452 2182 con-

172 2208 316 2272 sequi,
347 2208 471 2270 quod
490 2223 598 2254 mea.
628 2208 872 2254 Utilitatem
897 2207 958 2253 rei
987 2208 1158 2269 partiris
1188 2223 1383 2264 mecum,
1405 2216 1449 2253 et

174 2299 245 2330 me
264 2283 306 2333 in
325 2280 583 2329 beneficium
605 2281 792 2344 recipis,
822 2282 990 2328 duobus
1011 2281 1301 2343 profuturum.
1319 2281 1450 2326 Prae·

173 2357 262 2404 fers
287 2375 358 2403 me
387 2358 505 2402 aliis:
529 2358 615 2404 hoc
647 2369 787 2403 totum
816 2373 910 2402 mea
939 2355 1062 2402 causa
1095 2354 1215 2401 facis.
1242 2356 1389 2416 Itaque
1419 2352 1450 2399 fi

175 2446 422 2490 praetorem
448 2444 489 2476 te
512 2430 676 2477 faCtura
695 2431 799 2477 esset
820 2431 969 2477 decem
985 2430 1264 2490 captivorum
1280 2427 1451 2471 redem-

178 2504 243 2551 tio
258 2537 272 2560 ‚
293 2506 445 2551 decem
465 2518 610 2551 autem
641 2504 720 2551 soli
750 2504 916 2566 captivi
934 2502 1116 2551 essemus
1130 2537 1144 2560 ‚
1161 2517 1295 2547 nemo
1314 2499 1449 2562 quid-
