1742 2967
256 149 350 211 284
512 153 561 201 L.
611 153 898 202 ΑΝΝΑΕΙ
947 156 1302 206 SENECAE

245 267 408 315 turres,
441 273 526 320 pro
557 259 782 308 securitate
813 261 984 324 publica
1006 264 1338 328 propugnacula
1357 265 1535 315 habitu-

237 343 331 383 ras,
353 329 620 377 excitaturus
638 330 760 378 faber
788 333 895 396 quid
915 334 958 379 in
978 335 1094 382 diem
1122 350 1302 385 mereat.

306 404 436 452 XVI.
455 403 676 452 Infinitum
699 406 808 465 erit,
827 408 858 454 fi
877 400 1011 455 latius⁷
1022 411 1222 473 exempla
1240 411 1532 473 conquiram,

241 477 401 541 quibus
426 491 654 541 appareat,
677 478 819 542 parvo
839 498 996 546 magna
1016 482 1225 531 constare.
1245 486 1366 546 Quid
1387 488 1529 551 ergo?

241 566 377 613 quare
393 561 436 597 et
455 550 630 598 medico
648 565 693 599 et
712 554 987 617 praeceptori
1010 554 1104 617 plus
1122 555 1329 619 quiddam
1352 557 1496 605 debeo
1513 595 1526 617 ‚

240 638 323 669 nec
342 623 549 671 adversus
574 621 671 671 illos
687 627 900 672 mercede
928 626 1179 690 defungor?
1215 630 1331 689 Quia
1360 647 1414 676 ex
1435 648 1533 677 me-

237 693 342 742 dico
356 713 406 743 ac
424 710 712 760 praeceptore
726 698 769 744 in
791 699 982 746 amicum
1001 701 1222 750 transeunt
1235 740 1248 760 ‚
1273 717 1316 750 et
1335 721 1417 751 nos
1436 721 1526 751 non

235 783 327 817 arte
351 787 483 833 quam
509 772 744 831 vendunt,⁴
766 773 992 837 obligant,
1023 775 1095 821 sed
1119 776 1303 840 benigna
1325 793 1368 825 et
1397 778 1526 825 fami·

228 843 326 906 liari
345 846 585 893 voluntate.
606 848 755 910 Itaque
783 848 984 907 medico,
1009 849 1041 895 fi
1059 850 1163 896 nihil
1184 852 1370 915 amplius
1395 870 1525 915 quam

232 933 410 963 manum
438 919 598 982 tangit,
631 930 674 965 et
699 936 769 966 me
800 919 915 966 inter
940 936 1046 980 eos,
1077 938 1190 985 quos
1218 924 1492 985 perambulat
1509 968 1522 989 ‚

227 989 386 1052 ponit,
418 989 506 1038 fine
535 991 626 1038 ullo
654 990 812 1038 affectu
845 990 1046 1040 facienda
1082 994 1321 1043 vitandave
1353 997 1523 1059 praeci-

231 1062 357 1125 piens
375 1098 388 1121 ,
426 1064 533 1111 nihil
576 1064 762 1127 amplius
801 1065 944 1112 debeo
983 1084 995 1112 ε
1034 1065 1136 1131 quia
1181 1085 1251 1114 me
1288 1086 1382 1116 non
1422 1085 1520 1117 tan-

230 1151 363 1197 quam
391 1137 584 1184 amicum
611 1137 749 1194 vidit,
773 1137 843 1184 sed
865 1150 1070 1202 tanquam
1096 1139 1424 1203 imperatorem.
1451 1144 1522 1189 Ne

229 1222 565 1271 praeceptorem
598 1210 950 1274 quidemfhabeo
975 1227 1054 1258 cur
1081 1228 1296 1270 venerer,
1326 1212 1355 1259 {i
1376 1231 1447 1260 me
1475 1215 1520 1261 in

227 1306 362 1352 grege
389 1289 703 1353 discipulorum
735 1290 912 1348 habuit,
940 1289 970 1336 fi
1003 1308 1092 1338 non
1133 1292 1304 1353 putavit
1336 1292 1517 1356 dignum

227 1361 407 1426 propria
436 1375 478 1409 et
499 1363 705 1425 peculiari
732 1378 832 1408 cura
853 1398 866 1420 ,
897 1363 926 1408 fi
947 1380 1168 1427 nunquam
1197 1364 1242 1409 in
1261 1381 1332 1410 me
1361 1366 1518 1413 direxit

225 1437 418 1483 animum
437 1455 448 1483 ε
468 1448 622 1484 etcum
642 1437 688 1484 in
708 1438 901 1483 medium
923 1435 1168 1484 effunderet
1183 1469 1196 1491 ‚
1218 1455 1327 1500 quae
1341 1438 1516 1498 sciebat,

225 1526 317 1555 non
339 1511 496 1569 didici,
520 1510 591 1558 sed
613 1511 780 1573 excepi.
800 1509 921 1571 Quid
940 1527 1045 1573 ergo
1067 1511 1152 1568 est,
1179 1528 1308 1575 quare
1329 1511 1420 1558 istis
1437 1513 1514 1559 de-

223 1583 403 1631 beamus
432 1585 614 1630 multum
633 1584 650 1631 ?
680 1601 773 1630 non
798 1584 899 1647 quia
921 1584 1055 1648 pluris
1074 1585 1134 1632 est
1153 1587 1274 1650 quod
1299 1587 1514 1633 vendide-

224 1670 326 1703 runt
346 1675 477 1721 quam
500 1659 686 1706 emimus
699 1694 710 1715 ‚
731 1657 803 1704 sed
823 1658 924 1720 quia
940 1658 1069 1705 nobis
1089 1659 1187 1722 ipsis
1206 1659 1370 1722 aliquid
1387 1676 1510 1721 prae·

221 1730 439 1778 stiterunt.
461 1732 536 1778 me
565 1731 703 1795 magis
733 1732 966 1794 pependit,
986 1749 1115 1795 quam
1140 1733 1316 1780 medico
1342 1732 1511 1780 neceffe

220 1804 309 1850 est:
330 1821 412 1866 pro
438 1821 509 1851 me
525 1841 540 1862 ,
559 1821 649 1850 non
672 1821 754 1868 pro
773 1804 885 1850 fama
907 1807 1033 1863 artis,
1059 1805 1291 1853 extimuit:
1314 1821 1404 1851 non
1422 1803 1508 1852 fuit

220 1889 454 1924 contentus
472 1878 661 1927 remedia
684 1877 947 1935 monstrare,
969 1876 1040 1925 sed
1063 1877 1278 1925 admovit.
1300 1879 1415 1923 Inter
1433 1877 1508 1924 so-

219 1949 367 1996 licitos
386 1950 558 2008 assedit,
582 1951 638 1998 ad
657 1951 845 2013 suspefta
870 1963 1070 2014 tempora
1092 1951 1316 1998 occurrit:
1339 1950 1506 1997 nullum

220 2023 506 2071 ministerium
534 2025 659 2072 oneri
680 2025 742 2070 illi
759 2059 772 2082 ‚
806 2025 969 2070 nullum
992 2025 1165 2072 fastidio
1186 2026 1280 2073 fuit.
1309 2026 1506 2073 Gemitus

217 2113 342 2143 meos
362 2113 452 2142 non
473 2098 644 2143 securus
663 2095 856 2143 audivit:
887 2097 930 2142 in
961 2097 1086 2143 turba
1116 2098 1352 2143 multorum
1372 2098 1503 2145 invo-

218 2169 409 2217 cantium
438 2173 523 2234 ego
557 2170 616 2216 illi
647 2169 864 2232 potssffima
895 2170 1065 2217 curatio
1092 2170 1168 2217 fui.
1214 2183 1382 2217 tantum
1412 2170 1505 2216 aliis

216 2244 428 2301 vacavit,
461 2257 671 2308 quantum
707 2259 802 2289 mea
835 2243 1042 2290 valetudo
1083 2243 1345 2306 permiserat.
1387 2243 1503 2289 Huic

216 2330 302 2377 ego
325 2332 414 2361 non
436 2331 640 2378 tanquam
664 2317 840 2362 medico
858 2353 871 2371 ‚
898 2317 968 2364 sed
986 2329 1193 2381 tanquam
1210 2317 1370 2372 amico,
1388 2316 1502 2363 obli-

219 2400 340 2449 garn<²
370 2389 476 2437 sum.
505 2391 627 2438 Alter
659 2392 800 2437 rursus
830 2391 871 2436 in
897 2393 1134 2448 docendo,
1162 2405 1204 2438 et
1232 2392 1426 2438 laborem
1456 2402 1500 2436 et

215 2461 407 2509 taedium
440 2464 562 2522 tulit,
596 2476 765 2527 praeter
789 2464 858 2510 illa
890 2481 998 2528 quae
1017 2481 1041 2511 a
1066 2465 1436 2531 praecipie·}tibus
1452 2464 1498 2510 in

1699 2630 1722 2728 153⁴&oe
1683 2579 1712 2615 .’.·;
1709 2491 1711 2494 Α
1704 2429 1713 2439 ἢ
