1742 2967
344 181 440 236 DE
485 186 932 233 BREvtrATE
989 187 1236 235 vrrAss.
1359 189 1416 251 ες

153 293 275 357 quod
309 294 430 357 plebs
462 309 518 340 eo
551 291 802 350 secessiss‘et‚
835 306 907 338 aut
942 293 1064 353 quod
1100 294 1244 338 Remo
1281 293 1425 356 auspi-

154 381 277 414 cante
307 368 381 414 illo
407 369 509 414 loco
537 384 640 414 aves
670 384 761 414 non
788 366 1056 414 addixissent.
1095 367 1189 413 Alia
1220 368 1426 430 deinceps

152 440 507 497 innumerabilia,
535 457 645 503 quae
674 452 749 485 aut
773 440 871 486 fieta
891 442 1013 494 sunt,
1039 453 1111 486 aut
1139 440 1355 486 mendacii
1374 441 1427 486 st-

153 513 284 559 milia.
311 513 422 558 Nam
456 528 505 559 ut
535 513 751 559 concedas
781 512 930 558 omnia
953 529 1031 559 eos
1053 512 1138 558 fide
1162 513 1279 558 bona
1308 511 1427 558 dice-

154 604 229 644 re,
258 601 306 633 ut
332 588 384 633 ad
417 587 750 649 praestationem
780 587 995 633 scribant:
1025 600 1169 632 tamen
1201 586 1324 633 cuius
1350 586 1428 633 ista

154 676 323 706 errores
341 660 537 705 minuent
558 659 576 705 ἒ
608 661 730 706 cuius
748 658 1004 719 cupiditates
1033 656 1267 720 prement?
1293 673 1428 719 quem

154 730 385 779 fortiorem
402 769 416 790 ‚
445 749 576 795 quem
601 726 823 777 iustiorem
844 767 856 787 ,
885 746 1015 792 quem
1042 729 1335 777 liberaliorem
1365 729 1430 776 fa-

152 806 298 853 cient?
336 805 550 853 Dubitare
578 805 620 851 se
651 803 824 850 interim
853 804 1062 850 Fabianus
1093 801 1239 849 noster
1262 801 1430 861 aiebat,

153 899 207 928 an
229 882 355 930 satius
384 882 488 929 effer
514 880 639 929 nullis
666 880 813 927 studiis
837 880 1094 938 admoveri,
1113 896 1240 944 quam
1260 876 1326 927 his
1344 879 1430 927 im·—

153 953 315 1017 plicari.
348 955 439 1002 Soli
469 955 671 1002 omnium
703 951 832 1001 otiosi
861 955 977 1009 sunt,
1003 953 1077 1017 qui
1097 953 1325 1017 sapientiae
1350 972 1430 1000 va-

153 1039 253 1073 cant
284 1045 295 1074 z
323 1028 403 1074 soli
431 1028 607 1076 vivunt.
637 1045 718 1075 nec
751 1027 867 1073 enim
895 1027 1011 1073 suam
1046 1039 1212 1073 tantum
1245 1037 1429 1074 aetatem

154 1098 266 1147 bene
291 1114 465 1147 tuentur
485 1118 495 1147 z
521 1117 654 1148 omne
678 1117 834 1147 aevum
857 1102 934 1146 suo
953 1100 1171 1147 adiiciunt.
1199 1100 1430 1164 Quidquid

153 1188 369 1220 annorum
404 1186 504 1221 ante
536 1174 635 1221 illos
664 1175 805 1221 austum
837 1173 925 1229 est,
953 1173 1034 1220 illis
1065 1172 1316 1237 acquisitum
1354 1173 1432 1220 est.

154 1245 244 1290 Nifi
278 1245 545 1309 ingratissimi
573 1246 726 1304 fimus,
752 1245 816 1291 illi
842 1246 1056 1293 clariffimi
1087 1246 1299 1292 sacrarum
1327 1246 1433 1308 opi·

156 1318 338 1364 nionum
370 1321 654 1376 conditoreS,
687 1320 815 1367 nobis
848 1321 935 1367 nati
966 1321 1062 1368 sunt
1081 1357 1095 1378 ,
1130 1322 1258 1368 nobis
1291 1323 1428 1370 vitam

155 1405 541 1453 praeparaverunt.
567 1391 639 1440 Ad
656 1409 723 1440 res
743 1392 1072 1455 pulcherrimas,
1094 1411 1147 1441 ex
1170 1396 1357 1442 tenebris
1375 1396 1431 1443 ad

153 1461 295 1508 lucem
316 1476 485 1522 erutas,
511 1463 656 1511 alieno
681 1464 830 1512 labore
856 1466 1138 1512 deducimur:
1161 1467 1279 1512 nullo
1300 1465 1432 1529 nobis

154 1532 301 1580 seculo
326 1534 602 1583 interdifi‘tum
638 1535 722 1584 est:
751 1536 794 1582 in
827 1535 973 1582 omnia
1003 1537 1296 1585 admittimur:
1325 1555 1368 1586 et
1397 1539 1430 1586 si

157 1607 453 1670 magnitudine
475 1609 609 1654 animi
626 1608 772 1672 egredi
798 1608 1010 1655 humanae
1033 1609 1340 1657 imbecillitatis
1359 1628 1434 1657 an·

155 1679 310 1743 gustias
332 1681 463 1738 libet,
496 1684 679 1729 multum
710 1699 787 1744 per
814 1682 934 1743 quod
961 1681 1193 1743 spatiemur
1218 1685 1431 1747 temporis

156 1752 231 1800 est.
251 1754 488 1818 Disputare
504 1773 604 1803 cum
630 1759 807 1803 Socrate
824 1754 947 1809 licet,
976 1755 1176 1802 dubitare
1200 1773 1299 1802 cum
1320 1757 1431 1804 Car-

157 1829 319 1885 neade,
360 1845 459 1875 cum
496 1828 689 1890 Epicuro
723 1829 972 1892 quiescere,
1007 1827 1197 1875 hominis
1231 1840 1429 1877 naturam

158 1920 260 1949 cum
279 1903 437 1949 Stoicis
453 1902 650 1959 vincere,
670 1920 769 1950 curn
788 1902 970 1967 Cynicis
987 1903 1221 1959 excedere,
1241 1913 1342 1950 cum
1362 1921 1430 1951 re-

158 1989 256 2019 rum
283 1986 432 2020 natura
459 1975 504 2020 in
533 1974 802 2022 consortium
825 1975 968 2021 omnis
993 1974 1089 2021 aevi
1115 1974 1275 2036 pariter
1304 1975 1428 2023 iace-2

159 2047 275 2094 dere.
298 2048 465 2109 Quidni
486 2051 540 2095 ab
560 2049 645 2095 hoc
663 2049 824 2111 exiguo
844 2060 886 2095 et
905 2048 1075 2095 caduco
1092 2048 1306 2111 temporis
1320 2062 1430 2096 tran·

160 2121 267 2180 fitu,
283 2123 327 2168 in
353 2122 425 2168 illa
450 2138 531 2169 nos
552 2133 649 2168 toto
677 2123 830 2168 demus
858 2120 1034 2179 anim0,
1059 2137 1171 2185 quae
1198 2120 1402 2168 immensa
1412 2154 1429 2178 ,

160 2212 269 2258 quae
285 2205 461 2241 externa
481 2195 596 2250 sunt,
622 2210 732 2258 quae
751 2209 853 2241 cum
873 2193 1126 2242 melioribus
1143 2193 1426 2240 communia?

160 2268 228 2315 Isti
251 2267 325 2332 qui
343 2284 419 2330 per
436 2267 579 2314 officia
597 2266 836 2314 discursant
849 2301 864 2324 ,
889 2266 964 2328 qui
987 2265 1029 2312 se
1044 2265 1236 2328 aliosque
1253 2265 1426 2328 inquie-

160 2343 285 2399 tant,
315 2357 413 2387 cum
450 2338 560 2386 bene
589 2338 873 2395 insanierint,
911 2354 1009 2384 cum
1043 2336 1241 2383 omnium
1275 2336 1425 2384 limina

161 2415 360 2480 quotidie
393 2411 824 2477 perambulaverint,
858 2427 938 2458 nec
973 2411 1075 2457 ullas
1106 2423 1273 2473 apertas
1305 2410 1424 2459 fores

161 2489 458 2554 praeterierint
474 2524 488 2544 ‚
521 2504 619 2536 cum
653 2503 732 2548 per
762 2485 952 2538 diversas
972 2485 1130 2532 domos
1155 2486 1421 2534 meritoriam

225 2558 273 2601 L.
295 2559 414 2602 Arm.
436 2558 603 2601 Seneca.
635 2556 726 2599 Vol.
745 2552 808 2599 JI.
1138 2553 1172 2596 E
