1742 2967
417 182 526 251 ‘DE
572 205 775 254 o‘rto
820 208 1243 258 SAPIENTls.
1381 229 1463 279 εις

200 311 259 357 ait
286 309 357 358 ille
385 311 458 360 vir
486 312 806 370 diserfiffimus,
835 315 1047 363 Canitiem
1077 317 1195 379 galea
1220 319 1470 380 premimus.

202 385 297 431 Nos
321 384 463 432 sumus
479 417 493 440 ‚
518 386 636 448 apud
656 403 771 449 quos
796 405 934 451 usque
951 404 1007 435 eo
1036 388 1142 435 nihil
1162 403 1259 438 ante
1283 406 1473 442 mortem

202 457 390 505 otiosum
429 458 516 515 est,
545 472 619 518 ut,
650 459 680 505 fi
713 477 778 506 res
815 460 998 523 patitur,
1026 479 1116 508 non
1151 463 1201 510 fit
1235 463 1321 526 ipsa
1354 484 1476 514 mors

205 532 356 578 otiosa.
397 533 520 593 Quid
551 533 678 581 nobis
715 534 890 597 Epicuri
921 547 1150 598 praecepta
1185 537 1230 584 in
1265 539 1363 601 ipsis
1395 543 1478 588 Ze·-

205 606 335 655 nonis
368 607 592 670 principiis
621 607 850 670 loqueris?
890 609 1012 669 Quin
1050 619 1098 654 tu
1130 609 1239 657 bene
1282 612 1477 669 naviter,

205 678 235 725 fi
271 679 459 742 partium
490 682 636 744 piget,
665 681 892 744 transfugis
923 681 1094 744 potius,
1127 699 1257 746 quam
1288 686 1481 746 prodis?

207 754 308 801 Hoc
327 753 406 801 tibi
425 754 470 800 in
489 753 727 816 praesentia
746 755 1034 817 respondebo.
1061 757 1288 819 Numquid
1303 758 1370 805 vis
1390 775 1484 804 am-

209 824 344 887 plius,
371 841 503 889 quam
528 839 575 871 ut
595 842 664 872 me
686 825 867 872 similem
896 825 1078 873 ducibus
1108 827 1213 872 meis
1240 828 1485 889 praestem?

211 896 333 957 Quid
358 913 465 961 ergo
489 896 584 944 est?
617 914 709 945 non
741 914 833 962 quo
864 897 1058 945 miserint
1086 915 1156 945 me
1182 898 1266 957 illi,
1292 899 1363 946 sed
1393 917 1485 963 quo

213 969 445 1024 duxerint,
472 968 563 1016 ibo·

276 1042 452 1088 XXIX.
485 1043 617 1088 Nunc
646 1040 849 1103 probabo
877 1040 977 1099 tibi,
1004 1059 1084 1090 nec
1108 1042 1341 1090 desciscere
1369 1060 1437 1091 me
1465 1061 1490 1092 a

213 1114 451 1177 praeceptis
469 1113 719 1160 Stoicorum
738 1131 748 1158 :
769 1131 868 1159 nam
891 1131 943 1160 ne
967 1114 1043 1175 ipfi
1063 1117 1242 1178 quidem
1261 1133 1286 1162 a
1306 1116 1388 1163 suis
1413 1119 1491 1164 de·

213 1187 432 1235 sciverunt
463 1203 473 1232 ε
502 1199 544 1233 et
579 1199 723 1233 tamen
758 1187 1094 1235 excusatissimus
1132 1188 1290 1247 essem,
1326 1190 1491 1236 etiamsi

215 1277 306 1307 non
334 1276 565 1324 praecepta
590 1260 763 1306 illorum
797 1260 1021 1323 sequerer,
1047 1262 1120 1308 sed
1144 1262 1357 1325 exempla.
1389 1264 1491 1310 Hoc

215 1333 338 1394 quo-d
357 1333 481 1388 dico,
500 1333 545 1378 in
567 1333 669 1379 duas
689 1332 880 1379 dividam
905 1346 1058 1395 partes.
1079 1333 1294 1389 Primum,
1322 1347 1369 1379 ut
1391 1333 1492 1396 pos·-
1528 1327 1531 1329 ⁵

217 1405 265 1451 fit
295 1404 478 1468 aliquis,
505 1405 574 1451 vel
602 1422 624 1450 a
656 1403 795 1466 prima
825 1417 984 1461 aetate,
1019 1404 1379 1467 contemplationi
1412 1421 1492 1451 ve·-

218 1477 354 1524 ritatis
386 1488 528 1523 totum
556 1476 595 1521 se
623 1476 819 1533 tradere,
852 1476 1068 1522 rationem
1097 1476 1277 1523 vivendi
1307 1492 1493 1538 quaere-

220 1567 295 1606 re,
324 1563 453 1612 atque
483 1565 718 1603 exercere,
746 1548 926 1594 secreto.
959 1549 1134 1595 Deinde
1152 1584 1164 1605 ‚
1193 1560 1239 1594 ut
1258 1547 1387 1610 poffit
1406 1548 1492 1595 hoc

221 1621 376 1684 aliquis
410 1620 602 1679 emeritis
630 1620 715 1666 iam
749 1620 993 1683 stipendiis,
1029 1619 1283 1683 profligatae
1312 1620 1456 1666 aetatis
1475 1650 1492 1675 ,

223 1697 315 1741 inre
332 1693 504 1756 optimo
525 1693 688 1751 facere,
706 1708 749 1741 et
768 1695 820 1740 ad
840 1694 945 1741 alios
959 1696 1073 1740 aelus
1092 1695 1283 1740 animum
1304 1694 1463 1740 referre
1482 1712 1495 1741 ε

222 1768 442 1831 virginum
470 1765 703 1812 Vestalium
729 1783 880 1824 more,
905 1783 1038 1829 quae,
1065 1768 1185 1813 annis
1219 1767 1330 1813 inter
1352 1767 1498 1814 officia

225 1841 370 1888 divisis
385 1876 399 1899 ,
423 1838 591 1886 discunt
610 1838 752 1888 facere
770 1838 884 1885 sacra
898 1873 912 1897 ‚
941 1853 984 1886 et
1004 1855 1105 1886 cum
1124 1838 1367 1887 didicerunt
1381 1871 1396 1896 ,
1416 1840 1499 1887 do·-

227 1929 338 1962 cenn

295 1984 451 2031 XXX.
487 1981 607 2029 Haec
637 1979 796 2028 Stoicis
826 1995 1009 2043 quoque
1038 1978 1204 2040 placere
1235 1976 1459 2024 ostendam
1487 1994 1500 2024 ε

233 2069 323 2102 non
346 2055 448 2118 quia
472 2055 615 2117 legem
644 2053 830 2099 dixerim
859 2050 993 2107 mihi,
1025 2050 1131 2095 nibil
1164 2062 1314 2096 contra
1340 2050 1503 2095 dicium

233 2129 420 2176 Zenonis
445 2126 745 2190 Chrysippive
771 2125 1048 2172 committere
1077 2141 1087 2169 :
1117 2123 1185 2168 sed
1214 2122 1314 2185 quia
1346 2138 1410 2167 res
1436 2122 1505 2184 ip-

233 2204 273 2249 sa
294 2201 452 2265 patitur
472 2217 543 2246 me
563 2200 625 2246 ire
645 2200 689 2245 in
708 2200 884 2245 illorum
907 2196 1158 2244 sententiam
1180 2212 1189 2240 2
1214 2211 1340 2257 quam
1365 2194 1391 2237 fi
1410 2195 1507 2256 quis

235 2274 401 2335 semper
424 2270 553 2317 unius
577 2271 793 2334 sequitur,
819 2286 908 2315 non
937 2269 980 2314 id
1007 2267 1179 2324 curiae,
1206 2266 1275 2312 sed
1299 2266 1381 2310 iam
1415 2264 1508 2311 fac-

188 2388 190 2390 ,
236 2346 368 2393 tionis
397 2343 472 2391 est.
510 2344 688 2391 Utinam
720 2343 898 2406 quidem
931 2342 1014 2387 iam
1047 2353 1296 2386 tenerentur
1324 2339 1474 2383 omnia
1496 2372 1510 2396 ‚

237 2432 282 2466 et
308 2419 506 2480 inoperta
530 2433 579 2462 ac
604 2415 798 2462 confefl'a
817 2414 976 2461 veritas
996 2411 1126 2460 effet!
1152 2412 1253 2456 nihil
1278 2429 1331 2457 ex
1359 2412 1510 2458 decre·-

238 2492 293 2538 tis
321 2501 585 2539 mutaremus
614 2505 625 2536 :
659 2504 776 2535 nunc
807 2487 1060 2543 veritatem,
1090 2501 1190 2532 cum
1202 2484 1282 2594 f{zis
1312 2484 1410 2547 ipsi-s
1439 2483 1514 2545 qui

892 2583 915 2611 χ
1212 2591 1215 2593 .
1268 2564 1292 2593 2
