1742 2967
368 108 471 179 DE
519 133 941 180 BENEFlcus
991 137 1111 183 ΗΒ.
1159 141 1254 187 vn.
1357 156 1442 207 335
1504 155 1508 159 ,

170 239 274 287 dare
301 237 516 303 incipiunt
533 275 546 299 ,
569 239 746 304 ingraiis
775 240 1069 304 perseverant.
1108 245 1229 292 Alius
1255 246 1332 293 illis
1363 249 1449 294 ob-

169 314 263 361 iicit
285 313 592 376 negligentiam
622 313 786 372 nostri,
815 314 923 362 alius
946 317 1220 380 iniquitatem
1240 335 1251 362 =
1271 319 1373 367 alius
1396 322 1450 367 il-

167 385 236 432 los
255 398 378 432 extra
397 385 609 432 mundum
635 384 758 432 suum
778 388 957 449 proiicit
971 425 983 448 ,
1010 402 1052 436 et
1074 391 1286 453 ignavos,
1314 393 1448 441 hebe-

171 458 320 522 tesque
346 456 434 506 fine
461 458 579 516 luce,
610 458 696 506 fine
724 459 813 507 ullo
844 477 979 525 opere
1007 463 1207 513 destituit.
1237 467 1356 514 Alius
1376 468 1450 514 so-

170 532 291 589 lem,
326 533 397 581 cui
430 532 668 592 debemus,
704 534 824 597 quod
855 534 968 582 inter
1006 536 1199 584 laborem
1231 539 1449 601 quietem-

169 623 260 669 que
282 621 453 670 tempus
484 606 741 667 divisimus,
774 609 896 671 quod
933 625 1021 656 non
1050 612 1235 658 tenebris
1260 612 1451 660 immerfi

171 677 478 726 confufionem
519 690 715 726 aeternae
747 680 888 727 noffis
926 680 1179 744 effugimus,
1211 685 1332 746 quod
1366 701 1447 731 an-

171 766 277 796 num
303 750 430 797 cursu
455 750 533 796 suo
565 762 806 813 temperat,
826 764 869 798 et
893 767 1082 814 corpora
1109 753 1202 809 alit,
1225 754 1308 800 sata
1338 771 1448 803 evo-

170 835 264 879 cat,
291 823 524 887 percoquit
550 822 715 870 frudhis
733 860 745 881 ‚
774 823 920 870 saxum
950 825 1154 887 aliquod,
1186 840 1255 872 aut
1283 827 1448 875 fortui-

171 908 317 943 torum
340 895 504 960 ignium
530 896 733 959 globum,
752 908 794 943 et
813 895 986 960 quidvis
1004 896 1147 958 potius
1167 915 1294 962 quarn
1317 900 1448 948 deum

173 970 373 1033 appellat.
404 968 705 1017 Nihilominus
739 984 886 1017 tamen
916 986 1041 1017 more
1070 972 1339 1034 optimorum
1371 992 1448 1038 pa-

173 1055 348 1089 rentum
365 1077 379 1099 ‚
407 1043 483 1105 qui
509 1043 746 1091 malediuis
762 1044 937 1100 suorum
965 1043 1194 1092 infantium
1222 1047 1412 1095 arrident
1430 1080 1446 1104 ‚

172 1131 265 1162 non
295 1115 456 1163 ceffant
482 1116 543 1162 dii
574 1117 786 1163 beneficia
819 1133 1088 1182 congerere,
1124 1118 1176 1165 de
1205 1119 1447 1167 beneficio-

173 1206 273 1237 rum
306 1191 480 1237 au&ore
513 1191 808 1240 dubitantibus
840 1209 852 1238 :
884 1191 957 1238 sed
989 1192 1155 1255 aequali
1184 1205 1336 1240 tenore
1363 1196 1448 1241 bo-

172 1279 227 1308 na
245 1262 316 1309 sua
336 1280 414 1325 per
432 1278 579 1327 gentes
606 1265 883 1328 populosque
905 1264 1163 1312 distribuunt
1177 1297 1191 1320 ‚
1218 1283 1346 1312 unam
1369 1283 1448 1329 po·

173 1336 352 1383 tentiam
383 1336 549 1395 sortiti,
584 1336 799 1400 prodeffe.
828 1340 1043 1402 spargunt
1070 1340 1333 1401 opportunis
1360 1341 1447 1387 im-

173 1409 324 1457 bribus
355 1425 518 1469 terras,
551 1412 684 1457 maria
717 1412 824 1458 flatu
855 1429 1071 1469 movent,
1102 1413 1284 1459 siderum
1320 1416 1446 1461 cursu

174 1493 329 1529 notant
359 1496 585 1545 tempora,
616 1483 780 1530 hiemes
809 1484 1068 1548 aestatesque
1098 1485 1344 1533 interventu
1380 1487 1444 1533 le-

174 1554 310 1603 nioris
331 1554 501 1617 spiritus
530 1555 734 1602 molliunt
757 1574 767 1601 :
789 1572 985 1602 errorem
1014 1556 1247 1603 labentium
1270 1558 1445 1603 animo-

173 1643 272 1673 rum
285 1626 444 1689 placidi
458 1644 508 1673 ac
528 1626 709 1690 propitii
726 1626 882 1674 ferunt.
908 1628 1133 1673 Imitemur
1152 1627 1259 1675 illos.
1279 1630 1446 1685 demus,

175 1701 305 1749 enam
331 1702 362 1748 fi
393 1703 524 1748 multa
553 1702 598 1748 in
627 1702 795 1748 irritum
825 1702 923 1748 data
958 1701 1036 1747 fint
1066 1719 1077 1748 :
1103 1703 1252 1749 demus
1286 1703 1445 1748 nihilo-

176 1775 319 1822 minus
337 1775 452 1835 aliis,
471 1776 622 1822 demus
643 1775 740 1838 ipfis
753 1811 766 1832 ,
793 1775 908 1837 apud
927 1791 1039 1838 quos
1056 1775 1213 1821 iastura
1240 1774 1348 1821 faeie
1371 1776 1447 1824 est.

176 1847 411 1895 Neminem
444 1847 499 1893 ab
531 1847 758 1894 excitanda
793 1848 931 1893 domo
972 1846 1093 1892 ruina
1127 1846 1332 1892 deterruit
1360 1864 1370 1892 :
1401 1861 1446 1895 et

176 1938 277 1968 cum
303 1938 479 1984 penates
497 1920 606 1984 ignis
633 1920 860 1978 absumsit,
881 1920 1157 1966 fundamenta
1180 1931 1353 1981 tepente
1374 1921 1446 1966 ad·

175 1993 262 2040 huc
290 2011 387 2041 area
411 1994 643 2055 ponimus,
670 2006 713 2039 et
745 1995 872 2040 urbes
900 1993 1064 2039 haustas
1094 1992 1256 2054 saepius
1288 1994 1447 2040 eodem

175 2067 272 2114 solo
299 2067 545 2114 condimus.
596 2067 723 2112 Adeo
749 2067 802 2112 ad
833 2068 970 2112 bonas
1005 2066 1095 2128 spes
1131 2066 1325 2127 pertinax
1352 2067 1447 2111 ani-

176 2157 272 2187 mus
291 2141 366 2187 est.
393 2142 530 2187 Terra
553 2139 748 2201 marique
769 2139 955 2185 humana
977 2155 1111 2201 opera
1134 2138 1364 2196 cessarent,
1384 2139 1447 2185 ni-

174 2214 207 2260 fi
226 2215 338 2260 male
360 2201 555 2261 cadentis
574 2215 729 2260 iterum
755 2224 917 2259 tentare
935 2211 1130 2259 libuiffet.

242 2288 437 2334 XXXII.
462 2291 655 2350 ingratus
676 2285 750 2334 est.
768 2302 857 2331 non
875 2285 981 2332 mihi
1005 2284 1109 2333 fecit
1127 2283 1326 2331 iniuriam
1342 2320 1355 2341 ‚
1375 2285 1448 2333 sed

175 2359 254 2406 fibi
276 2378 288 2406 ε
309 2376 394 2423 ego
415 2358 630 2406 beneficio
650 2374 752 2405 meo
766 2393 780 2415 ,
800 2375 899 2404 cum
929 2359 1097 2415 darem,
1117 2358 1213 2404 usus
1239 2357 1344 2404 sum.
1365 2375 1447 2406 nee

175 2432 278 2481 ideo
302 2432 466 2497 pigrius
482 2433 627 2493 dabo,
650 2431 723 2481 sed
751 2430 1012 2495 diligentius.
1042 2429 1164 2494 quod
1182 2430 1228 2477 in
1246 2430 1334 2480 hoc
1352 2447 1448 2495 per:
