1742 2967
389 196 485 244 DE
533 194 984 242 BENEFICIIS
1033 197 1167 244 LIB.
1210 198 1279 243 111.
1384 214 1470 261 ¹97

196 303 362 352 debeo:
383 303 528 366 cogita
548 320 637 349 non
658 303 742 350 esse
759 304 931 350 initium
952 303 1038 351 mei
1056 316 1245 366 patrem,
1267 321 1318 350 ne
1337 320 1470 351 avum

196 378 390 441 quidem.
425 378 605 438 Semper
632 376 746 422 enim
777 376 857 422 erit
880 376 1056 422 ulterius
1084 376 1274 438 aliquid,
1299 393 1350 422 ex
1379 394 1481 440 quo

196 450 379 513 originis
406 450 632 512 proximae
656 450 785 512 origo
818 449 1058 496 descendat.
1091 449 1226 511 Atqui
1249 465 1380 495 nemo
1408 450 1474 496 di-

197 535 266 569 cet
293 539 362 568 me
385 522 478 584 plus
506 522 664 584 debere
689 523 878 585 ignotis,
911 535 954 569 et
972 522 1082 568 ultra
1110 521 1368 569 memoriam
1393 541 1474 585 po-

196 595 280 642 fitis
311 596 573 651 maioribus,
604 614 731 660 quam
760 597 871 659 patri
900 615 910 642 :
946 597 1041 659 plus
1069 609 1212 643 autem
1244 597 1411 653 debeo,
1445 597 1474 644 si

196 669 285 715 hoc
310 668 447 731 ipsum
481 671 603 732 quod
633 671 779 733 genuit
812 687 881 717 me
908 681 1029 732 pater
1061 687 1207 727 meus,
1235 671 1476 718 maioribus

196 742 338 789 debet.
363 742 592 805 Quidquid
618 743 806 804 praestiti
832 742 963 803 patri,
984 742 1147 787 etiamfi
1167 759 1370 806 magnum
1392 742 1477 801 est,

196 813 309 859 infra
340 814 681 861 aestimationem
715 814 884 875 paterni
913 814 1106 861 muneris
1138 815 1225 861 est:
1256 817 1359 878 quia
1386 832 1476 861 non

197 887 328 933 effem
346 923 358 943 ‚
386 888 415 933 si
444 906 533 934 non
553 887 776 951 genuiffet.
799 887 883 933 Isto
906 888 1046 933 modo
1061 923 1074 943 ,
1106 887 1267 933 etiamsi
1288 888 1384 951 quis
1405 904 1476 949 pa-

197 975 307 1006 trem
337 948 481 1006 meum
513 977 692 1023 aegrum
728 977 778 1006 ac
804 961 1070 1007 moriturum
1105 960 1334 1016 sanaverit,
1368 961 1476 1007 nibil

198 1034 407 1096 praestare
433 1034 472 1080 ei
498 1047 680 1096 potero,
707 1034 829 1095 quod
855 1050 946 1079 non
974 1032 1191 1080 beneficio
1215 1033 1305 1080 eius
1334 1034 1476 1082 minus

199 1107 261 1153 fit.
281 1124 369 1153 non
385 1107 502 1153 enim
523 1106 732 1171 genuisset
752 1124 821 1152 me
843 1119 986 1168 pater,
1009 1106 1053 1152 ni
1076 1106 1239 1154 sanatus
1255 1107 1370 1153 effer.
1392 1109 1476 1156 Sed

197 1181 321 1237 vide,
348 1198 401 1226 ne
420 1181 525 1227 illud
541 1181 684 1227 verius
706 1180 753 1226 fit
775 1180 1012 1237 aestimari,
1044 1197 1097 1226 an
1123 1180 1167 1226 id
1188 1181 1308 1243 quod
1327 1183 1476 1243 potui,

199 1265 242 1299 et
255 1253 297 1299 id
318 1255 438 1316 quod
459 1253 565 1310 feci,
583 1270 727 1299 meum
745 1253 793 1299 fit
808 1289 820 1310 ‚
841 1269 1035 1319 mearum
1058 1253 1237 1309 virium,
1253 1269 1373 1299 meae
1391 1271 1476 1300 vo·

201 1325 386 1370 luntatis.
420 1325 529 1370 Illud
557 1325 677 1387 quod
705 1339 828 1371 natus
848 1324 967 1379 sum,
994 1340 1072 1386 per
1093 1323 1134 1370 se
1163 1324 1329 1371 intuere
1352 1327 1477 1388 quale

198 1397 250 1444 fit
270 1415 280 1443 :
302 1398 622 1445 animadvertes
650 1398 859 1460 exiguum
879 1412 922 1445 et
940 1398 1153 1444 incertum
1169 1433 1181 1455 ‚
1203 1409 1245 1443 et
1264 1398 1369 1444 boni
1390 1416 1478 1444 ma-

198 1469 319 1532 lique
348 1485 630 1516 communem
655 1469 905 1527 materiam,
932 1469 1019 1516 fine
1041 1469 1178 1515 dubio
1207 1469 1395 1532 primum
1422 1472 1477 1519 ad

202 1542 354 1589 omnia
383 1542 565 1605 gradum
594 1560 605 1588 :
637 1542 709 1589 sed
741 1559 833 1589 non
861 1543 963 1589 ideo
992 1542 1205 1588 maiorem
1236 1543 1443 1591 omnibus
1462 1580 1480 1602 ,

202 1616 304 1679 quia
332 1616 535 1678 primum.
565 1616 746 1663 Servavi
771 1629 965 1678 patrem,
992 1627 1034 1662 et
1051 1616 1106 1662 ad
1131 1616 1341 1663 summam
1374 1634 1480 1679 pro-

204 1686 305 1734 vexi
329 1686 604 1749 dignitatem‚
637 1698 679 1732 et
707 1686 949 1749 principem
986 1687 1103 1733 urbis
1133 1685 1229 1733 suae
1257 1687 1340 1733 feci
1363 1705 1373 1734 :
1398 1705 1477 1736 nec

202 1770 370 1805 tantum
394 1758 520 1804 rebus
538 1774 561 1803 a
581 1775 651 1804 me
674 1758 799 1821 gestis
819 1758 1080 1815 nobilitavi,
1104 1759 1174 1805 sed
1195 1760 1272 1822 ipfi
1297 1777 1479 1824 quoque

203 1831 492 1894 gerendarum
521 1830 738 1892 ingentem
760 1846 809 1876 ac
831 1829 1027 1886 facilem,
1053 1846 1132 1875 nec
1155 1841 1290 1876 tutam
1312 1831 1481 1889 minus,

203 1921 334 1969 quam
349 1903 585 1967 gloriosam
603 1903 704 1949 dedi
721 1904 962 1950 materiam.
981 1904 1203 1961 Honores,
1221 1920 1343 1966 opes,
1359 1904 1482 1968 quid·

204 1979 310 2042 quid
330 1970 545 2024 humanos
570 1978 625 2023 ad
644 1977 684 2023 se
709 1977 879 2023 animos
899 1977 1011 2039 rapit
1028 2009 1041 2031 ‚
1066 1976 1258 2040 congeffi
1280 1995 1291 2023 ε
1313 1989 1356 2023 et
1381 1993 1484 2024 cum

205 2053 330 2114 supra
361 2068 516 2098 omnes
546 2051 728 2110 starem,
759 2052 870 2098 infra
902 2052 1024 2098 illum
1057 2052 1163 2100 steti.
1208 2053 1297 2100 Dic
1333 2071 1447 2101 nunc
1467 2084 1484 2110 ,

208 2127 311 2172 Hoc
331 2126 470 2188 ipsum
483 2162 496 2184 ,
514 2128 635 2189 quod
654 2126 730 2172 ista
750 2127 926 2189 potuisti
946 2162 959 2183 ,
978 2127 1107 2190 patris
1126 2144 1281 2174 munus
1300 2128 1372 2174 est.
1398 2129 1485 2174 Re-

207 2202 436 2263 spondebo
460 2201 564 2255 tibi,
594 2201 664 2247 Est
693 2201 894 2263 prorsus,
922 2201 951 2246 si
974 2203 1028 2249 ad
1058 2201 1133 2248 ista
1153 2201 1346 2248 facienda
1373 2199 1487 2246 nasci

208 2275 303 2322 satis
321 2274 397 2322 est.
420 2275 492 2322 sed
515 2274 545 2320 fi
562 2275 615 2320 ad
643 2274 754 2320 bene
777 2273 1021 2321 vivendum
1047 2273 1227 2319 minima
1256 2272 1404 2334 portio
1426 2270 1488 2318 est

207 2350 383 2405 vivere,
405 2361 447 2395 et
472 2348 517 2393 id
544 2345 755 2402 tribuisti,
781 2347 904 2409 quod
933 2363 1033 2394 cum
1059 2345 1160 2392 feris
1185 2345 1290 2390 mihi
1317 2356 1360 2390 et
1391 2343 1490 2389 ani-

212 2422 397 2467 malibus
423 2420 681 2483 quibusdam
711 2419 904 2466 minimis
920 2454 934 2476 ‚
959 2418 1220 2482 quibusdam
1248 2416 1376 2463 etiam
1395 2415 1491 2462 foe-

212 2494 389 2543 diffimis
415 2510 654 2543 commune
677 2491 765 2547 est3
787 2491 879 2539 noli
909 2491 989 2538 tibi
1026 2489 1232 2545 asserere,
1258 2488 1383 2552 quod
1402 2503 1493 2535 non

1136 2555 1238 2615 ΝΞ
