<?xml version="1.0" encoding="UTF-8"?>
<!DOCTYPE html PUBLIC "-//W3C//DTD XHTML 1.0 Transitional//EN"
    "http://www.w3.org/TR/xhtml1/DTD/xhtml1-transitional.dtd">
<html xmlns="http://www.w3.org/1999/xhtml" xml:lang="en" lang="en">
 <head>
  <title>
</title>
<meta http-equiv="Content-Type" content="text/html;charset=utf-8" />
  <meta name='ocr-system' content='tesseract 3.04.00' />
  <meta name='ocr-capabilities' content='ocr_page ocr_carea ocr_par ocr_line ocrx_word'/>
</head>
<body>
  <div class='ocr_page' id='page_1' title='image "./lannaeisenecaeph02seneuoft_0085.png"; bbox 0 0 1742 2967; ppageno 0'>
   <div class='ocr_carea' id='block_1_1' title="bbox 359 172 1441 258">
    <p class='ocr_par' dir='ltr' id='par_1_1' title="bbox 359 172 1441 258">
     <span class='ocr_line' id='line_1_1' title="bbox 359 172 1441 258; baseline -0.002 -15"><span class='ocrx_word' id='word_1_1' title='bbox 359 172 456 243; x_wconf 63' lang='lat' dir='ltr'>ma</span> <span class='ocrx_word' id='word_1_2' title='bbox 506 193 943 240; x_wconf 71' lang='lat' dir='ltr'>BREvrrATE</span> <span class='ocrx_word' id='word_1_3' title='bbox 992 195 1247 242; x_wconf 76' lang='grc' dir='ltr'>νιτΑε.</span> <span class='ocrx_word' id='word_1_4' title='bbox 1377 197 1441 258; x_wconf 76' lang='lat'>69</span> 
     </span>
    </p>
   </div>
   <div class='ocr_carea' id='block_1_2' title="bbox 171 300 1456 2465">
    <p class='ocr_par' dir='ltr' id='par_1_2' title="bbox 171 300 1446 1215">
     <span class='ocr_line' id='line_1_2' title="bbox 176 300 1445 365; baseline 0.001 -16"><span class='ocrx_word' id='word_1_5' title='bbox 176 317 276 350; x_wconf 89' lang='lat' dir='ltr'>cum</span> <span class='ocrx_word' id='word_1_6' title='bbox 313 300 505 348; x_wconf 82' lang='lat' dir='ltr'>maxime</span> <span class='ocrx_word' id='word_1_7' title='bbox 540 300 795 347; x_wconf 83' lang='lat' dir='ltr'>exsultantes</span> <span class='ocrx_word' id='word_1_8' title='bbox 832 300 998 348; x_wconf 87' lang='lat' dir='ltr'>solicita</span> <span class='ocrx_word' id='word_1_9' title='bbox 1032 301 1244 365; x_wconf 76' lang='lat' dir='ltr'>cogitatio</span> <span class='ocrx_word' id='word_1_10' title='bbox 1277 319 1288 348; x_wconf 77' lang='grc' dir='ltr'><strong><em>ε</em></strong></span> <span class='ocrx_word' id='word_1_11' title='bbox 1325 303 1445 351; x_wconf 82' lang='lat' dir='ltr'>Haec</span> 
     </span>
     <span class='ocr_line' id='line_1_3' title="bbox 175 372 1442 437; baseline 0 -17"><span class='ocrx_word' id='word_1_12' title='bbox 175 389 305 437; x_wconf 88' lang='lat' dir='ltr'>quam</span> <span class='ocrx_word' id='word_1_13' title='bbox 330 372 432 419; x_wconf 91' lang='lat' dir='ltr'>diu?</span> <span class='ocrx_word' id='word_1_14' title='bbox 459 372 530 419; x_wconf 85' lang='lat' dir='ltr'>Ab</span> <span class='ocrx_word' id='word_1_15' title='bbox 550 372 637 419; x_wconf 93' lang='lat' dir='ltr'>hoc</span> <span class='ocrx_word' id='word_1_16' title='bbox 657 372 808 420; x_wconf 58' lang='lat' dir='ltr'>affectu</span> <span class='ocrx_word' id='word_1_17' title='bbox 825 389 947 436; x_wconf 87' lang='lat' dir='ltr'>reges</span> <span class='ocrx_word' id='word_1_18' title='bbox 964 373 1081 419; x_wconf 86' lang='lat' dir='ltr'>suam</span> <span class='ocrx_word' id='word_1_19' title='bbox 1101 373 1264 420; x_wconf 89' lang='lat' dir='ltr'>flevere</span> <span class='ocrx_word' id='word_1_20' title='bbox 1284 387 1442 435; x_wconf 83' lang='lat' dir='ltr'>poten-</span> 
     </span>
     <span class='ocr_line' id='line_1_4' title="bbox 175 443 1444 507; baseline 0.001 -17"><span class='ocrx_word' id='word_1_21' title='bbox 175 443 277 491; x_wconf 87' lang='lat' dir='ltr'>tiam</span> <span class='ocrx_word' id='word_1_22' title='bbox 298 461 310 491; x_wconf 86' lang='lat'>:</span> <span class='ocrx_word' id='word_1_23' title='bbox 335 461 418 491; x_wconf 89' lang='lat' dir='ltr'>nec</span> <span class='ocrx_word' id='word_1_24' title='bbox 435 444 534 490; x_wconf 84' lang='lat' dir='ltr'>illos</span> <span class='ocrx_word' id='word_1_25' title='bbox 561 445 819 507; x_wconf 82' lang='lat' dir='ltr'>magnitudo</span> <span class='ocrx_word' id='word_1_26' title='bbox 838 443 1039 491; x_wconf 83' lang='lat' dir='ltr'>fortunae</span> <span class='ocrx_word' id='word_1_27' title='bbox 1068 444 1163 491; x_wconf 84' lang='lat' dir='ltr'>suae</span> <span class='ocrx_word' id='word_1_28' title='bbox 1184 445 1413 494; x_wconf 64' lang='lat' dir='ltr'>delectavit</span> <span class='ocrx_word' id='word_1_29' title='bbox 1429 482 1444 505; x_wconf 89' lang='lat'><strong>,</strong></span> 
     </span>
     <span class='ocr_line' id='line_1_5' title="bbox 175 516 1442 583; baseline 0.001 -20"><span class='ocrx_word' id='word_1_30' title='bbox 175 516 246 563; x_wconf 88' lang='lat' dir='ltr'>sed</span> <span class='ocrx_word' id='word_1_31' title='bbox 262 529 470 564; x_wconf 88' lang='lat' dir='ltr'>venturus</span> <span class='ocrx_word' id='word_1_32' title='bbox 487 517 722 581; x_wconf 77' lang='lat' dir='ltr'>aliquando</span> <span class='ocrx_word' id='word_1_33' title='bbox 740 516 836 564; x_wconf 87' lang='lat' dir='ltr'>finis</span> <span class='ocrx_word' id='word_1_34' title='bbox 855 518 1075 564; x_wconf 74' lang='lat' dir='ltr'>exterruit.</span> <span class='ocrx_word' id='word_1_35' title='bbox 1093 519 1208 564; x_wconf 89' lang='lat' dir='ltr'>Cum</span> <span class='ocrx_word' id='word_1_36' title='bbox 1227 535 1305 581; x_wconf 78' lang='lat' dir='ltr'>per</span> <span class='ocrx_word' id='word_1_37' title='bbox 1321 535 1442 583; x_wconf 82' lang='lat' dir='ltr'>mag-</span> 
     </span>
     <span class='ocr_line' id='line_1_6' title="bbox 176 586 1442 653; baseline 0.002 -18"><span class='ocrx_word' id='word_1_38' title='bbox 176 605 231 635; x_wconf 87' lang='lat' dir='ltr'>na</span> <span class='ocrx_word' id='word_1_39' title='bbox 260 604 517 651; x_wconf 88' lang='lat' dir='ltr'>camporum</span> <span class='ocrx_word' id='word_1_40' title='bbox 540 586 672 652; x_wconf 84' lang='lat' dir='ltr'>spatia</span> <span class='ocrx_word' id='word_1_41' title='bbox 697 590 940 653; x_wconf 83' lang='lat' dir='ltr'>porrigeret</span> <span class='ocrx_word' id='word_1_42' title='bbox 959 590 1194 637; x_wconf 78' lang='lat' dir='ltr'>exercitum</span> <span class='ocrx_word' id='word_1_43' title='bbox 1215 625 1228 647; x_wconf 89' lang='lat'>‚</span> <span class='ocrx_word' id='word_1_44' title='bbox 1259 607 1337 637; x_wconf 89' lang='lat' dir='ltr'>nec</span> <span class='ocrx_word' id='word_1_45' title='bbox 1361 610 1442 638; x_wconf 75' lang='lat' dir='ltr'>nu-</span> 
     </span>
     <span class='ocr_line' id='line_1_7' title="bbox 176 661 1444 725; baseline 0.001 -18"><span class='ocrx_word' id='word_1_46' title='bbox 176 677 345 708; x_wconf 87' lang='lat' dir='ltr'>merum</span> <span class='ocrx_word' id='word_1_47' title='bbox 366 661 480 718; x_wconf 88' lang='lat' dir='ltr'>eius,</span> <span class='ocrx_word' id='word_1_48' title='bbox 506 662 576 709; x_wconf 89' lang='lat' dir='ltr'>secl</span> <span class='ocrx_word' id='word_1_49' title='bbox 602 663 843 709; x_wconf 87' lang='lat' dir='ltr'>mensuram</span> <span class='ocrx_word' id='word_1_50' title='bbox 874 662 1267 725; x_wconf 85' lang='lat' dir='ltr'>comprehenderet</span> <span class='ocrx_word' id='word_1_51' title='bbox 1299 664 1444 709; x_wconf 83' lang='lat' dir='ltr'>Persa-</span> 
     </span>
     <span class='ocr_line' id='line_1_8' title="bbox 173 733 1443 797; baseline 0.001 -17"><span class='ocrx_word' id='word_1_52' title='bbox 173 749 273 780; x_wconf 87' lang='lat' dir='ltr'>rum</span> <span class='ocrx_word' id='word_1_53' title='bbox 291 750 367 781; x_wconf 88' lang='lat' dir='ltr'>rex</span> <span class='ocrx_word' id='word_1_54' title='bbox 384 733 731 782; x_wconf 63' lang='lat' dir='ltr'>insolentissimus</span> <span class='ocrx_word' id='word_1_55' title='bbox 743 769 761 791; x_wconf 84' lang='lat'>,</span> <span class='ocrx_word' id='word_1_56' title='bbox 779 734 974 781; x_wconf 79' lang='lat' dir='ltr'>lacrimas</span> <span class='ocrx_word' id='word_1_57' title='bbox 991 734 1190 796; x_wconf 86' lang='lat' dir='ltr'>profudit</span> <span class='ocrx_word' id='word_1_58' title='bbox 1205 770 1218 790; x_wconf 94' lang='lat'>,</span> <span class='ocrx_word' id='word_1_59' title='bbox 1238 737 1357 797; x_wconf 81' lang='lat' dir='ltr'>quod</span> <span class='ocrx_word' id='word_1_60' title='bbox 1380 736 1443 781; x_wconf 81' lang='lat' dir='ltr'>in-</span> 
     </span>
     <span class='ocr_line' id='line_1_9' title="bbox 174 807 1443 868; baseline 0.002 -17"><span class='ocrx_word' id='word_1_61' title='bbox 174 820 240 852; x_wconf 87' lang='lat' dir='ltr'>tra</span> <span class='ocrx_word' id='word_1_62' title='bbox 257 817 430 852; x_wconf 89' lang='lat' dir='ltr'>centum</span> <span class='ocrx_word' id='word_1_63' title='bbox 451 823 588 854; x_wconf 88' lang='lat' dir='ltr'>annos</span> <span class='ocrx_word' id='word_1_64' title='bbox 606 824 739 854; x_wconf 86' lang='lat' dir='ltr'>nemo</span> <span class='ocrx_word' id='word_1_65' title='bbox 759 823 813 853; x_wconf 86' lang='lat' dir='ltr'>ex</span> <span class='ocrx_word' id='word_1_66' title='bbox 830 819 944 852; x_wconf 88' lang='lat' dir='ltr'>tanta</span> <span class='ocrx_word' id='word_1_67' title='bbox 962 807 1184 853; x_wconf 76' lang='lat' dir='ltr'>iuventute</span> <span class='ocrx_word' id='word_1_68' title='bbox 1203 807 1443 868; x_wconf 69' lang='lat' dir='ltr'>ssiperfutu·</span> 
     </span>
     <span class='ocr_line' id='line_1_10' title="bbox 175 878 1442 943; baseline 0.001 -18"><span class='ocrx_word' id='word_1_69' title='bbox 175 895 247 926; x_wconf 90' lang='lat' dir='ltr'>rus</span> <span class='ocrx_word' id='word_1_70' title='bbox 265 878 380 926; x_wconf 83' lang='lat' dir='ltr'>effet.</span> <span class='ocrx_word' id='word_1_71' title='bbox 400 881 456 925; x_wconf 86' lang='lat' dir='ltr'>At</span> <span class='ocrx_word' id='word_1_72' title='bbox 474 880 556 926; x_wconf 83' lang='lat' dir='ltr'>illis</span> <span class='ocrx_word' id='word_1_73' title='bbox 577 892 667 926; x_wconf 85' lang='lat' dir='ltr'>erat</span> <span class='ocrx_word' id='word_1_74' title='bbox 694 880 952 927; x_wconf 80' lang='lat' dir='ltr'>admoturus.</span> <span class='ocrx_word' id='word_1_75' title='bbox 972 878 1104 925; x_wconf 86' lang='lat' dir='ltr'>fatum</span> <span class='ocrx_word' id='word_1_76' title='bbox 1128 878 1242 941; x_wconf 90' lang='lat' dir='ltr'>ipse,</span> <span class='ocrx_word' id='word_1_77' title='bbox 1265 880 1337 943; x_wconf 86' lang='lat' dir='ltr'>qui</span> <span class='ocrx_word' id='word_1_78' title='bbox 1360 881 1442 927; x_wconf 89' lang='lat' dir='ltr'>fle-</span> 
     </span>
     <span class='ocr_line' id='line_1_11' title="bbox 175 951 1445 1016; baseline 0.002 -19"><span class='ocrx_word' id='word_1_79' title='bbox 175 951 271 1009; x_wconf 88' lang='lat' dir='ltr'>bat,</span> <span class='ocrx_word' id='word_1_80' title='bbox 291 952 629 1016; x_wconf 84' lang='lat' dir='ltr'>perditurusque</span> <span class='ocrx_word' id='word_1_81' title='bbox 647 952 756 999; x_wconf 89' lang='lat' dir='ltr'>alios</span> <span class='ocrx_word' id='word_1_82' title='bbox 780 952 823 998; x_wconf 91' lang='lat' dir='ltr'>in</span> <span class='ocrx_word' id='word_1_83' title='bbox 844 966 954 998; x_wconf 82' lang='lat' dir='ltr'>terra</span> <span class='ocrx_word' id='word_1_84' title='bbox 968 988 981 1009; x_wconf 91' lang='lat'>,</span> <span class='ocrx_word' id='word_1_85' title='bbox 1001 951 1107 999; x_wconf 77' lang='lat' dir='ltr'>alios</span> <span class='ocrx_word' id='word_1_86' title='bbox 1127 952 1170 998; x_wconf 89' lang='lat' dir='ltr'>in</span> <span class='ocrx_word' id='word_1_87' title='bbox 1191 953 1320 1010; x_wconf 79' lang='lat' dir='ltr'>mari,</span> <span class='ocrx_word' id='word_1_88' title='bbox 1338 954 1445 1000; x_wconf 78' lang='lat' dir='ltr'>alios</span> 
     </span>
     <span class='ocr_line' id='line_1_12' title="bbox 171 1023 1446 1087; baseline 0.001 -17"><span class='ocrx_word' id='word_1_89' title='bbox 171 1023 217 1070; x_wconf 85' lang='lat' dir='ltr'>in</span> <span class='ocrx_word' id='word_1_90' title='bbox 250 1025 421 1087; x_wconf 88' lang='lat' dir='ltr'>proelio</span> <span class='ocrx_word' id='word_1_91' title='bbox 440 1060 454 1083; x_wconf 90' lang='lat'>,</span> <span class='ocrx_word' id='word_1_92' title='bbox 474 1025 586 1071; x_wconf 86' lang='lat' dir='ltr'>alios</span> <span class='ocrx_word' id='word_1_93' title='bbox 614 1025 658 1071; x_wconf 84' lang='lat' dir='ltr'>in</span> <span class='ocrx_word' id='word_1_94' title='bbox 690 1024 818 1087; x_wconf 83' lang='lat' dir='ltr'>fuga,</span> <span class='ocrx_word' id='word_1_95' title='bbox 845 1038 888 1070; x_wconf 89' lang='lat' dir='ltr'>et</span> <span class='ocrx_word' id='word_1_96' title='bbox 915 1024 1025 1069; x_wconf 86' lang='lat' dir='ltr'>intra</span> <span class='ocrx_word' id='word_1_97' title='bbox 1045 1023 1250 1086; x_wconf 84' lang='lat' dir='ltr'>exiguum</span> <span class='ocrx_word' id='word_1_98' title='bbox 1274 1037 1446 1086; x_wconf 82' lang='lat' dir='ltr'>tempus</span> 
     </span>
     <span class='ocr_line' id='line_1_13' title="bbox 173 1096 1444 1161; baseline -0.002 -16"><span class='ocrx_word' id='word_1_99' title='bbox 173 1096 479 1145; x_wconf 87' lang='lat' dir='ltr'>consumturus</span> <span class='ocrx_word' id='word_1_100' title='bbox 512 1098 611 1145; x_wconf 88' lang='lat' dir='ltr'>illos</span> <span class='ocrx_word' id='word_1_101' title='bbox 627 1133 643 1154; x_wconf 84' lang='lat'><strong>,</strong></span> <span class='ocrx_word' id='word_1_102' title='bbox 673 1098 834 1161; x_wconf 85' lang='lat' dir='ltr'>quibus</span> <span class='ocrx_word' id='word_1_103' title='bbox 869 1096 1151 1145; x_wconf 70' lang='lat' dir='ltr'>centesimum</span> <span class='ocrx_word' id='word_1_104' title='bbox 1187 1113 1345 1143; x_wconf 83' lang='lat' dir='ltr'>annum</span> <span class='ocrx_word' id='word_1_105' title='bbox 1389 1098 1444 1143; x_wconf 77' lang='lat' dir='ltr'>ti-</span> 
     </span>
     <span class='ocr_line' id='line_1_14' title="bbox 174 1167 334 1215; baseline 0 0"><span class='ocrx_word' id='word_1_106' title='bbox 174 1167 334 1215; x_wconf 87' lang='lat' dir='ltr'>mebat.</span> 
     </span>
    </p>

    <p class='ocr_par' dir='ltr' id='par_1_3' title="bbox 173 1239 1456 2465">
     <span class='ocr_line' id='line_1_15' title="bbox 239 1239 1454 1303; baseline -0.001 -18"><span class='ocrx_word' id='word_1_107' title='bbox 239 1240 380 1287; x_wconf 83' lang='lat' dir='ltr'><strong>XVII.</strong></span> <span class='ocrx_word' id='word_1_108' title='bbox 406 1239 529 1301; x_wconf 87' lang='lat' dir='ltr'>Quid</span> <span class='ocrx_word' id='word_1_109' title='bbox 546 1277 561 1299; x_wconf 90' lang='lat'>,</span> <span class='ocrx_word' id='word_1_110' title='bbox 586 1240 708 1303; x_wconf 91' lang='lat' dir='ltr'>quod</span> <span class='ocrx_word' id='word_1_111' title='bbox 728 1239 882 1303; x_wconf 85' lang='lat' dir='ltr'>gaudia</span> <span class='ocrx_word' id='word_1_112' title='bbox 908 1256 1087 1303; x_wconf 77' lang='lat' dir='ltr'>quoque</span> <span class='ocrx_word' id='word_1_113' title='bbox 1106 1255 1259 1286; x_wconf 68' lang='lat' dir='ltr'>eorum</span> <span class='ocrx_word' id='word_1_114' title='bbox 1280 1241 1454 1302; x_wconf 75' lang='lat' dir='ltr'>trepidav</span> 
     </span>
     <span class='ocr_line' id='line_1_16' title="bbox 173 1310 1448 1371; baseline -0.001 -12"><span class='ocrx_word' id='word_1_115' title='bbox 173 1310 296 1359; x_wconf 85' lang='lat' dir='ltr'>sunt?</span> <span class='ocrx_word' id='word_1_116' title='bbox 319 1328 410 1359; x_wconf 90' lang='lat' dir='ltr'>non</span> <span class='ocrx_word' id='word_1_117' title='bbox 427 1313 544 1360; x_wconf 88' lang='lat' dir='ltr'>enim</span> <span class='ocrx_word' id='word_1_118' title='bbox 567 1311 713 1358; x_wconf 89' lang='lat' dir='ltr'>solidis</span> <span class='ocrx_word' id='word_1_119' title='bbox 733 1312 867 1358; x_wconf 73' lang='lat' dir='ltr'>caulis</span> <span class='ocrx_word' id='word_1_120' title='bbox 886 1311 1159 1370; x_wconf 83' lang='lat' dir='ltr'>innituntur,</span> <span class='ocrx_word' id='word_1_121' title='bbox 1179 1312 1250 1358; x_wconf 90' lang='lat' dir='ltr'>sed</span> <span class='ocrx_word' id='word_1_122' title='bbox 1269 1313 1418 1358; x_wconf 75' lang='lat' dir='ltr'>eadem</span> <span class='ocrx_word' id='word_1_123' title='bbox 1431 1349 1448 1371; x_wconf 82' lang='lat'>,</span> 
     </span>
     <span class='ocr_line' id='line_1_17' title="bbox 173 1383 1455 1449; baseline -0.002 -18"><span class='ocrx_word' id='word_1_124' title='bbox 173 1402 260 1449; x_wconf 88' lang='lat' dir='ltr'>qua</span> <span class='ocrx_word' id='word_1_125' title='bbox 278 1384 503 1443; x_wconf 85' lang='lat' dir='ltr'>oriuntur,</span> <span class='ocrx_word' id='word_1_126' title='bbox 519 1383 710 1432; x_wconf 84' lang='lat' dir='ltr'>vanitate</span> <span class='ocrx_word' id='word_1_127' title='bbox 726 1384 967 1431; x_wconf 84' lang='lat' dir='ltr'>turbantur.</span> <span class='ocrx_word' id='word_1_128' title='bbox 986 1384 1143 1444; x_wconf 83' lang='lat' dir='ltr'>Qualia</span> <span class='ocrx_word' id='word_1_129' title='bbox 1161 1396 1302 1431; x_wconf 84' lang='lat' dir='ltr'>autem</span> <span class='ocrx_word' id='word_1_130' title='bbox 1323 1401 1455 1447; x_wconf 82' lang='lat' dir='ltr'>putes.</span> 
     </span>
     <span class='ocr_line' id='line_1_18' title="bbox 175 1454 1448 1521; baseline -0.002 -16"><span class='ocrx_word' id='word_1_131' title='bbox 175 1470 376 1521; x_wconf 87' lang='lat' dir='ltr'>tempora</span> <span class='ocrx_word' id='word_1_132' title='bbox 404 1457 490 1505; x_wconf 82' lang='lat' dir='ltr'>effe</span> <span class='ocrx_word' id='word_1_133' title='bbox 505 1493 520 1516; x_wconf 85' lang='lat'><strong>,</strong></span> <span class='ocrx_word' id='word_1_134' title='bbox 555 1457 686 1503; x_wconf 86' lang='lat' dir='ltr'>etiam</span> <span class='ocrx_word' id='word_1_135' title='bbox 725 1456 923 1519; x_wconf 87' lang='lat' dir='ltr'>ipsorum</span> <span class='ocrx_word' id='word_1_136' title='bbox 961 1454 1231 1503; x_wconf 83' lang='lat' dir='ltr'>confeffione</span> <span class='ocrx_word' id='word_1_137' title='bbox 1265 1456 1417 1502; x_wconf 87' lang='lat' dir='ltr'>misera</span> <span class='ocrx_word' id='word_1_138' title='bbox 1435 1474 1448 1502; x_wconf 79' lang='lat' dir='ltr'><strong><em>z</em></strong></span> 
     </span>
     <span class='ocr_line' id='line_1_19' title="bbox 175 1529 1448 1596; baseline -0.002 -17"><span class='ocrx_word' id='word_1_139' title='bbox 175 1550 275 1580; x_wconf 90' lang='lat' dir='ltr'>cum</span> <span class='ocrx_word' id='word_1_140' title='bbox 294 1533 399 1579; x_wconf 89' lang='lat' dir='ltr'>haec</span> <span class='ocrx_word' id='word_1_141' title='bbox 415 1547 593 1596; x_wconf 88' lang='lat' dir='ltr'>quoque</span> <span class='ocrx_word' id='word_1_142' title='bbox 609 1567 622 1589; x_wconf 89' lang='lat'>‚</span> <span class='ocrx_word' id='word_1_143' title='bbox 648 1529 806 1594; x_wconf 87' lang='lat' dir='ltr'>quibus</span> <span class='ocrx_word' id='word_1_144' title='bbox 835 1530 877 1576; x_wconf 90' lang='lat' dir='ltr'>se</span> <span class='ocrx_word' id='word_1_145' title='bbox 903 1529 1131 1586; x_wconf 87' lang='lat' dir='ltr'>attollunt,</span> <span class='ocrx_word' id='word_1_146' title='bbox 1162 1541 1205 1575; x_wconf 87' lang='lat' dir='ltr'>et</span> <span class='ocrx_word' id='word_1_147' title='bbox 1223 1529 1346 1592; x_wconf 84' lang='lat' dir='ltr'>supra</span> <span class='ocrx_word' id='word_1_148' title='bbox 1366 1533 1448 1577; x_wconf 85' lang='lat' dir='ltr'>ho—</span> 
     </span>
     <span class='ocr_line' id='line_1_20' title="bbox 175 1601 1447 1667; baseline -0.002 -15"><span class='ocrx_word' id='word_1_149' title='bbox 175 1605 339 1652; x_wconf 85' lang='lat' dir='ltr'>minem</span> <span class='ocrx_word' id='word_1_150' title='bbox 357 1603 541 1650; x_wconf 84' lang='lat' dir='ltr'>efferunt</span> <span class='ocrx_word' id='word_1_151' title='bbox 556 1639 573 1659; x_wconf 80' lang='lat'>,</span> <span class='ocrx_word' id='word_1_152' title='bbox 592 1620 744 1667; x_wconf 86' lang='lat' dir='ltr'>parum</span> <span class='ocrx_word' id='word_1_153' title='bbox 776 1604 936 1649; x_wconf 73' lang='lat' dir='ltr'>sincera</span> <span class='ocrx_word' id='word_1_154' title='bbox 963 1601 1070 1648; x_wconf 85' lang='lat' dir='ltr'>smt?</span> <span class='ocrx_word' id='word_1_155' title='bbox 1096 1602 1290 1649; x_wconf 81' lang='lat' dir='ltr'>Maxima</span> <span class='ocrx_word' id='word_1_156' title='bbox 1311 1620 1447 1666; x_wconf 87' lang='lat' dir='ltr'>quae·-</span> 
     </span>
     <span class='ocr_line' id='line_1_21' title="bbox 174 1676 1448 1743; baseline -0.001 -18"><span class='ocrx_word' id='word_1_157' title='bbox 174 1696 261 1743; x_wconf 88' lang='lat' dir='ltr'>que</span> <span class='ocrx_word' id='word_1_158' title='bbox 280 1680 397 1725; x_wconf 87' lang='lat' dir='ltr'>bona</span> <span class='ocrx_word' id='word_1_159' title='bbox 411 1677 589 1725; x_wconf 87' lang='lat' dir='ltr'>sollicita</span> <span class='ocrx_word' id='word_1_160' title='bbox 606 1677 728 1723; x_wconf 88' lang='lat' dir='ltr'>sunt:</span> <span class='ocrx_word' id='word_1_161' title='bbox 745 1694 826 1724; x_wconf 88' lang='lat' dir='ltr'>nec</span> <span class='ocrx_word' id='word_1_162' title='bbox 841 1677 919 1724; x_wconf 89' lang='lat' dir='ltr'>ulli</span> <span class='ocrx_word' id='word_1_163' title='bbox 936 1676 1135 1723; x_wconf 81' lang='lat' dir='ltr'>fortunae</span> <span class='ocrx_word' id='word_1_164' title='bbox 1155 1677 1295 1723; x_wconf 73' lang='lat' dir='ltr'>minus</span> <span class='ocrx_word' id='word_1_165' title='bbox 1315 1678 1448 1735; x_wconf 78' lang='lat' dir='ltr'>bene,</span> 
     </span>
     <span class='ocr_line' id='line_1_22' title="bbox 176 1748 1448 1813; baseline 0 -17"><span class='ocrx_word' id='word_1_166' title='bbox 176 1767 306 1813; x_wconf 87' lang='lat' dir='ltr'>quam</span> <span class='ocrx_word' id='word_1_167' title='bbox 338 1750 530 1810; x_wconf 82' lang='lat' dir='ltr'>optimae</span> <span class='ocrx_word' id='word_1_168' title='bbox 546 1786 560 1807; x_wconf 91' lang='lat'>‚</span> <span class='ocrx_word' id='word_1_169' title='bbox 586 1749 788 1796; x_wconf 85' lang='lat' dir='ltr'>creditur.</span> <span class='ocrx_word' id='word_1_170' title='bbox 812 1750 904 1794; x_wconf 86' lang='lat' dir='ltr'>Alia</span> <span class='ocrx_word' id='word_1_171' title='bbox 929 1748 1132 1795; x_wconf 80' lang='lat' dir='ltr'>felicitate</span> <span class='ocrx_word' id='word_1_172' title='bbox 1160 1749 1215 1795; x_wconf 68' lang='lat' dir='ltr'>ad&#39;</span> <span class='ocrx_word' id='word_1_173' title='bbox 1242 1751 1448 1796; x_wconf 83' lang='lat' dir='ltr'>tuendam</span> 
     </span>
     <span class='ocr_line' id='line_1_23' title="bbox 178 1819 1452 1884; baseline 0.001 -17"><span class='ocrx_word' id='word_1_174' title='bbox 178 1819 425 1867; x_wconf 80' lang='lat' dir='ltr'>felicitatem</span> <span class='ocrx_word' id='word_1_175' title='bbox 456 1836 568 1883; x_wconf 86' lang='lat' dir='ltr'>opus</span> <span class='ocrx_word' id='word_1_176' title='bbox 590 1821 649 1867; x_wconf 85' lang='lat' dir='ltr'>est</span> <span class='ocrx_word' id='word_1_177' title='bbox 671 1839 682 1867; x_wconf 89' lang='lat'>:</span> <span class='ocrx_word' id='word_1_178' title='bbox 707 1832 749 1867; x_wconf 88' lang='lat' dir='ltr'>et</span> <span class='ocrx_word' id='word_1_179' title='bbox 775 1838 857 1884; x_wconf 82' lang='lat' dir='ltr'>pro</span> <span class='ocrx_word' id='word_1_180' title='bbox 879 1820 1004 1883; x_wconf 83' lang='lat' dir='ltr'>ipsis,</span> <span class='ocrx_word' id='word_1_181' title='bbox 1034 1837 1142 1884; x_wconf 83' lang='lat' dir='ltr'>quae</span> <span class='ocrx_word' id='word_1_182' title='bbox 1161 1821 1452 1869; x_wconf 74' lang='lat' dir='ltr'>succeffenmt</span> 
     </span>
     <span class='ocr_line' id='line_1_24' title="bbox 178 1893 1450 1956; baseline 0 -16"><span class='ocrx_word' id='word_1_183' title='bbox 178 1894 318 1950; x_wconf 87' lang='lat' dir='ltr'>votis,</span> <span class='ocrx_word' id='word_1_184' title='bbox 331 1906 438 1940; x_wconf 79' lang='lat' dir='ltr'>vota</span> <span class='ocrx_word' id='word_1_185' title='bbox 455 1893 652 1941; x_wconf 81' lang='lat' dir='ltr'>facienda</span> <span class='ocrx_word' id='word_1_186' title='bbox 669 1893 775 1940; x_wconf 78' lang='lat' dir='ltr'>sunt.</span> <span class='ocrx_word' id='word_1_187' title='bbox 796 1895 944 1940; x_wconf 84' lang='lat' dir='ltr'>Omne</span> <span class='ocrx_word' id='word_1_188' title='bbox 963 1894 1103 1949; x_wconf 82' lang='lat' dir='ltr'>enim,</span> <span class='ocrx_word' id='word_1_189' title='bbox 1124 1894 1248 1956; x_wconf 85' lang='lat' dir='ltr'>quod</span> <span class='ocrx_word' id='word_1_190' title='bbox 1265 1893 1450 1940; x_wconf 83' lang='lat' dir='ltr'>fortuito</span> 
     </span>
     <span class='ocr_line' id='line_1_25' title="bbox 177 1960 1451 2030; baseline 0.002 -19"><span class='ocrx_word' id='word_1_191' title='bbox 177 1965 325 2012; x_wconf 85' lang='lat' dir='ltr'>evenit</span> <span class='ocrx_word' id='word_1_192' title='bbox 338 1998 354 2021; x_wconf 88' lang='lat'><strong>‚</strong></span> <span class='ocrx_word' id='word_1_193' title='bbox 372 1960 565 2013; x_wconf 60' lang='lat' dir='ltr'>in‘stabile</span> <span class='ocrx_word' id='word_1_194' title='bbox 578 1966 638 2012; x_wconf 82' lang='lat' dir='ltr'>est</span> <span class='ocrx_word' id='word_1_195' title='bbox 657 1984 668 2012; x_wconf 77' lang='lat' dir='ltr'>t</span> <span class='ocrx_word' id='word_1_196' title='bbox 686 1983 778 2030; x_wconf 86' lang='lat' dir='ltr'>quo</span> <span class='ocrx_word' id='word_1_197' title='bbox 795 1966 917 2013; x_wconf 87' lang='lat' dir='ltr'>altius</span> <span class='ocrx_word' id='word_1_198' title='bbox 934 1966 1114 2012; x_wconf 80' lang='lat' dir='ltr'>surrexit</span> <span class='ocrx_word' id='word_1_199' title='bbox 1126 1998 1140 2020; x_wconf 88' lang='lat'>‚</span> <span class='ocrx_word' id='word_1_200' title='bbox 1160 1966 1451 2029; x_wconf 78' lang='lat' dir='ltr'>opportunius</span> 
     </span>
     <span class='ocr_line' id='line_1_26' title="bbox 179 2037 1453 2102; baseline 0.002 -18"><span class='ocrx_word' id='word_1_201' title='bbox 179 2037 241 2084; x_wconf 86' lang='lat' dir='ltr'>est</span> <span class='ocrx_word' id='word_1_202' title='bbox 256 2038 300 2083; x_wconf 92' lang='lat' dir='ltr'>in</span> <span class='ocrx_word' id='word_1_203' title='bbox 321 2038 538 2086; x_wconf 85' lang='lat' dir='ltr'>occasum.</span> <span class='ocrx_word' id='word_1_204' title='bbox 563 2039 780 2085; x_wconf 88' lang='lat' dir='ltr'>neminem</span> <span class='ocrx_word' id='word_1_205' title='bbox 799 2055 936 2102; x_wconf 85' lang='lat' dir='ltr'>porro</span> <span class='ocrx_word' id='word_1_206' title='bbox 956 2038 1102 2085; x_wconf 78' lang='lat' dir='ltr'>casura</span> <span class='ocrx_word' id='word_1_207' title='bbox 1121 2038 1345 2085; x_wconf 59' lang='lat' dir='ltr'>delectant.</span> <span class='ocrx_word' id='word_1_208' title='bbox 1366 2040 1453 2086; x_wconf 87' lang='lat' dir='ltr'>Mi-</span> 
     </span>
     <span class='ocr_line' id='line_1_27' title="bbox 180 2109 1451 2173; baseline 0.002 -18"><span class='ocrx_word' id='word_1_209' title='bbox 180 2109 400 2156; x_wconf 87' lang='lat' dir='ltr'>serrimam</span> <span class='ocrx_word' id='word_1_210' title='bbox 421 2127 531 2173; x_wconf 87' lang='lat' dir='ltr'>ergo</span> <span class='ocrx_word' id='word_1_211' title='bbox 550 2110 716 2159; x_wconf 73' lang='lat' dir='ltr'>necefl&#39;e</span> <span class='ocrx_word' id='word_1_212' title='bbox 734 2110 796 2158; x_wconf 90' lang='lat' dir='ltr'>est</span> <span class='ocrx_word' id='word_1_213' title='bbox 809 2147 822 2168; x_wconf 93' lang='lat'>,</span> <span class='ocrx_word' id='word_1_214' title='bbox 840 2128 929 2158; x_wconf 88' lang='lat' dir='ltr'>non</span> <span class='ocrx_word' id='word_1_215' title='bbox 949 2123 1116 2156; x_wconf 82' lang='lat' dir='ltr'>tantum</span> <span class='ocrx_word' id='word_1_216' title='bbox 1137 2111 1451 2169; x_wconf 49' lang='lat' dir='ltr'>breviffimam3,</span> 
     </span>
     <span class='ocr_line' id='line_1_28' title="bbox 181 2183 1453 2247; baseline 0 -18"><span class='ocrx_word' id='word_1_217' title='bbox 181 2183 318 2229; x_wconf 84' lang='lat' dir='ltr'>vitam</span> <span class='ocrx_word' id='word_1_218' title='bbox 339 2198 493 2228; x_wconf 87' lang='lat' dir='ltr'>eorum</span> <span class='ocrx_word' id='word_1_219' title='bbox 519 2184 624 2241; x_wconf 80' lang='lat' dir='ltr'>effe,</span> <span class='ocrx_word' id='word_1_220' title='bbox 654 2184 733 2247; x_wconf 89' lang='lat' dir='ltr'>qui</span> <span class='ocrx_word' id='word_1_221' title='bbox 764 2200 926 2247; x_wconf 82' lang='lat' dir='ltr'>magno</span> <span class='ocrx_word' id='word_1_222' title='bbox 951 2195 1100 2245; x_wconf 80' lang='lat' dir='ltr'>parant</span> <span class='ocrx_word' id='word_1_223' title='bbox 1128 2183 1296 2239; x_wconf 88' lang='lat' dir='ltr'>labore,</span> <span class='ocrx_word' id='word_1_224' title='bbox 1330 2184 1453 2247; x_wconf 85' lang='lat' dir='ltr'>quod</span> 
     </span>
     <span class='ocr_line' id='line_1_29' title="bbox 181 2254 1453 2319; baseline 0.001 -18"><span class='ocrx_word' id='word_1_225' title='bbox 181 2254 347 2301; x_wconf 85' lang='lat' dir='ltr'>maiore</span> <span class='ocrx_word' id='word_1_226' title='bbox 367 2254 628 2317; x_wconf 64' lang='lat' dir='ltr'>poffideann:</span> <span class='ocrx_word' id='word_1_227' title='bbox 652 2257 838 2318; x_wconf 84' lang='lat' dir='ltr'>operose</span> <span class='ocrx_word' id='word_1_228' title='bbox 852 2255 1131 2319; x_wconf 71' lang='lat' dir='ltr'>assequuntur</span> <span class='ocrx_word' id='word_1_229' title='bbox 1149 2272 1259 2318; x_wconf 83' lang='lat' dir='ltr'>quae</span> <span class='ocrx_word' id='word_1_230' title='bbox 1275 2256 1453 2313; x_wconf 86' lang='lat' dir='ltr'>volunt,</span> 
     </span>
     <span class='ocr_line' id='line_1_30' title="bbox 181 2327 1456 2391; baseline 0.002 -18"><span class='ocrx_word' id='word_1_231' title='bbox 181 2327 299 2373; x_wconf 82' lang='lat' dir='ltr'>anxii</span> <span class='ocrx_word' id='word_1_232' title='bbox 331 2339 481 2374; x_wconf 82' lang='lat' dir='ltr'>tenent</span> <span class='ocrx_word' id='word_1_233' title='bbox 508 2345 617 2391; x_wconf 83' lang='lat' dir='ltr'>quae</span> <span class='ocrx_word' id='word_1_234' title='bbox 644 2328 819 2375; x_wconf 70' lang='lat' dir='ltr'>assecuti</span> <span class='ocrx_word' id='word_1_235' title='bbox 846 2330 952 2376; x_wconf 62' lang='lat' dir='ltr'>sunt„</span> <span class='ocrx_word' id='word_1_236' title='bbox 982 2327 1112 2373; x_wconf 86' lang='lat' dir='ltr'>Nulla</span> <span class='ocrx_word' id='word_1_237' title='bbox 1137 2327 1308 2373; x_wconf 84' lang='lat' dir='ltr'>interim</span> <span class='ocrx_word' id='word_1_238' title='bbox 1342 2345 1456 2375; x_wconf 87' lang='lat' dir='ltr'>nun-</span> 
     </span>
     <span class='ocr_line' id='line_1_31' title="bbox 180 2400 1454 2465; baseline 0.005 -21"><span class='ocrx_word' id='word_1_239' title='bbox 180 2416 311 2462; x_wconf 86' lang='lat' dir='ltr'>quam</span> <span class='ocrx_word' id='word_1_240' title='bbox 335 2400 519 2463; x_wconf 83' lang='lat' dir='ltr'>amplius</span> <span class='ocrx_word' id='word_1_241' title='bbox 538 2401 716 2447; x_wconf 62' lang='lat' dir='ltr'>redituri</span> <span class='ocrx_word' id='word_1_242' title='bbox 739 2403 948 2465; x_wconf 85' lang='lat' dir='ltr'>temporis</span> <span class='ocrx_word' id='word_1_243' title='bbox 973 2401 1033 2448; x_wconf 88' lang='lat' dir='ltr'>est</span> <span class='ocrx_word' id='word_1_244' title='bbox 1052 2400 1176 2448; x_wconf 63' lang='lat' dir='ltr'>tatio.</span> <span class='ocrx_word' id='word_1_245' title='bbox 1195 2402 1355 2448; x_wconf 86' lang='lat' dir='ltr'>Novae</span> <span class='ocrx_word' id='word_1_246' title='bbox 1376 2419 1454 2450; x_wconf 86' lang='lat' dir='ltr'>oc-</span> 
     </span>
    </p>
   </div>
   <div class='ocr_carea' id='block_1_3' title="bbox 183 2471 1455 2600">
    <p class='ocr_par' dir='ltr' id='par_1_4' title="bbox 183 2471 1455 2600">
     <span class='ocr_line' id='line_1_32' title="bbox 183 2471 1455 2536; baseline 0.002 -17"><span class='ocrx_word' id='word_1_247' title='bbox 183 2471 438 2535; x_wconf 83' lang='lat' dir='ltr'>cupationes</span> <span class='ocrx_word' id='word_1_248' title='bbox 462 2474 684 2520; x_wconf 83' lang='lat' dir='ltr'>veteribus</span> <span class='ocrx_word' id='word_1_249' title='bbox 705 2473 1040 2533; x_wconf 66' lang='lat' dir='ltr'>substituuntur,</span> <span class='ocrx_word' id='word_1_250' title='bbox 1065 2473 1160 2535; x_wconf 79' lang='lat' dir='ltr'>spes</span> <span class='ocrx_word' id='word_1_251' title='bbox 1186 2474 1305 2536; x_wconf 84' lang='lat' dir='ltr'>spem</span> <span class='ocrx_word' id='word_1_252' title='bbox 1335 2475 1455 2521; x_wconf 81' lang='lat' dir='ltr'>exci-</span> 
     </span>
     <span class='ocr_line' id='line_1_33' title="bbox 1099 2541 1180 2600; baseline 0 0"><span class='ocrx_word' id='word_1_253' title='bbox 1099 2541 1132 2583; x_wconf 76' lang='grc' dir='ltr'>Ε</span> <span class='ocrx_word' id='word_1_254' title='bbox 1161 2555 1180 2600; x_wconf 84' lang='lat'>3</span> 
     </span>
    </p>
   </div>
  </div>
 </body>
</html>
