1742 2967
363 178 468 236 ‘DE
517 185 988 234 CLEMENTIA
1042 186 1178 232 ΜΒ.
1228 185 1260 230 t.
1425 200 1455 245 7

174 312 354 361 quoque
387 296 690 343 innocentium
721 294 872 341 locum
898 310 909 339 t
943 292 1043 356 quia
1073 291 1248 338 interim
1281 290 1458 337 fortuna

173 389 258 435 pro
282 372 408 436 culpa
431 370 518 418 est:
537 368 909 417 necinnocentiae
925 378 1092 414 tantum
1110 365 1340 412 clementia
1361 365 1455 412 suc-

171 446 334 503 currit,
352 445 423 492 sed
441 445 563 507 saepe
583 443 762 498 virtuti;
792 441 1003 506 quoniam
1023 439 1203 503 quidem
1226 439 1454 485 conditio-

171 535 226 565 ne
253 530 505 580 temporum
536 516 735 567 incidunt
761 513 973 576 quaedam
997 547 1012 570 ‚
1038 521 1149 573 q‘uae
1173 508 1333 572 possint
1358 510 1454 556 lau-

170 591 268 638 data
287 589 447 653 puniri.
469 587 650 645 Adiice,
675 585 798 650 quod
820 601 977 648 magna
998 599 1095 646 pars
1118 582 1346 628 hominum
1365 580 1454 638 est,

169 679 281 726 quae
297 662 466 710 reverti
495 660 551 707 ad
579 657 876 706 innocentiam
907 656 1050 720 poffit.
1079 656 1163 703 Sed
1193 672 1283 701 non
1306 667 1454 702 tamen

168 734 308 797 vulgo
333 734 560 797 ignoscere
586 732 726 778 decet.
754 747 854 777 nam
876 730 948 776 ubi
973 728 1205 778 discrimen
1225 728 1338 775 inter
1359 744 1453 774 ma-

167 804 235 852 los
255 806 486 868 bonosque
512 802 724 850 sublatum
749 802 809 849 est
823 837 836 859 ‚
855 799 1057 848 confufio
1080 800 1269 864 sequitur
1286 835 1300 858 ‚
1319 815 1361 847 et
1382 800 1449 848 vi-

165 875 330 922 tiorum
368 875 556 938 eruptio.
594 876 743 938 Itaque
777 872 1023 920 adhibenda
1057 871 1118 918 est
1156 871 1404 918 moderatio
1433 906 1450 930 ‚

104 962 276 1012 x“quae
299 948 500 996 sanabilia
524 947 697 1013 ingenia
726 946 986 1011 distinguere
1016 962 1041 992 a
1061 943 1299 1009 deploratis
1330 943 1448 991 sciat0

164 1022 261 1069 Nec
294 1021 588 1085 promiscuam
625 1021 787 1068 habere
817 1037 869 1069 ac
904 1019 1131 1084 vulgarem
1170 1016 1447 1066 clementiam

163 1109 372 1158 oportet,
396 1112 480 1142 nec
507 1093 726 1142 abscisam.
747 1111 848 1141 nam
875 1105 964 1140 tam
986 1092 1195 1140 omnibus
1218 1088 1447 1154 ignoscere

162 1167 391 1215 crudelitas
416 1167 504 1226 est,
525 1183 655 1231 quam
681 1167 799 1215 nulli.
830 1166 1020 1214 Modum
1039 1178 1185 1213 tenere
1205 1164 1413 1211 debemus
1430 1180 1444 1209 ε

160 1239 234 1285 sed
257 1239 357 1304 quia
383 1239 563 1287 difficile
591 1239 653 1287 est
672 1249 1095 1302 temperamentum,
1127 1235 1342 1300 quidquid
1367 1251 1441 1282 ae-

158 1327 252 1374 quo
273 1312 367 1374 plus
389 1312 584 1359 futurum
607 1310 669 1358 est
685 1346 701 1370 ,
728 1309 775 1358 in
797 1322 965 1374 partem
987 1308 1293 1357 humaniorem
1309 1322 1441 1371 prae·

156 1382 391 1445 ponderet.

221 1457 295 1504 111.
315 1457 399 1504 Sed
427 1456 533 1504 haec
560 1455 640 1504 suo
664 1455 771 1503 loco
792 1453 947 1502 melius
974 1453 1188 1502 dicentur.
1227 1453 1361 1500 Nunc
1390 1450 1438 1499 in

155 1532 243 1577 t'res
269 1543 412 1593 partes
443 1546 626 1578 omnem
655 1530 768 1578 hanc
799 1528 1024 1576 materiam
1050 1528 1261 1576 dividam.
1292 1526 1437 1573 Prima

153 1602 237 1650 erit
261 1603 637 1651 manumissionis:
662 1603 871 1658 secunda,
891 1619 1001 1666 quae
1022 1612 1219 1649 naturam
1246 1599 1437 1647 clemen-

153 1675 238 1725 tiae
251 1677 537 1742 habitumque
551 1676 835 1725 demonstret.
854 1692 956 1724 nam
972 1691 1078 1724 cum
1092 1673 1173 1720 fint
1184 1671 1292 1721 vitia
1305 1687 1437 1735 quae-

152 1748 253 1796 dam
271 1749 462 1798 virtutes.
479 1749 691 1797 imitantia
707 1786 720 1807 ,
739 1766 830 1795 non
848 1748 1026 1812 possunt
1044 1746 1236 1804 secerni,
1257 1745 1333 1792 nisi
1354 1744 1435 1809 {ig-fi

151 1837 206 1867 na
228 1821 386 1885 quibus
404 1820 714 1886 dignoscantur
732 1820 1009 1884 impresseris.
1025 1817 1155 1866 tertio
1175 1817 1280 1864 loco
1298 1832 1434 1880 quaee-

149 1912 326 1954 remus,
351 1899 589 1960 quomodo
616 1897 670 1943 ad
692 1897 802 1944 hanc
820 1896 1031 1944 virtutem
1052 1893 1313 1957 perducatur
1334 1890 1433 1941 ani-

155 1986 278 2027 mus,
303 1970 537 2034 quomodo
561 1968 799 2018 confirmet
823 1985 919 2016 eam
937 2004 951 2026 ,
971 1981 1015 2014 et
1040 1965 1117 2013 usu
1147 1965 1263 2013 suam
1289 1963 1434 2013 faciate'

153 2042 327 2089 Nullam
358 2059 470 2091 vero
502 2059 556 2090 ex
587 2043 797 2090 omnibus
825 2041 1058 2090 virtutibus
1091 2038 1229 2103 mag-is
1258 2038 1432 2085 homini

153 2113 416 2170 convenire,
439 2131 542 2163 cum
564 2115 615 2163 fit
638 2115 756 2163 nulla
782 2113 1044 2171 humanior,
1069 2111 1237 2159 constet
1262 2110 1432 2158 neceffe

151 2184 237 2232 est:
257 2202 349 2232 non
374 2185 515 2234 solum
534 2187 647 2235 inter
665 2204 776 2245 nos,
802 2186 880 2250 qui
897 2185 1124 2233 hominem
1151 2183 1305 2232 sociale
1335 2183 1430 2228 ani-¹

151 2258 260 2316 mal,
291 2259 519 2306 communi
546 2259 669 2307 bono
699 2258 899 2324 genitum
923 2256 1069 2307 videti
1094 2255 1299 2305 volumus
1320 2271 1331 2301 :
1354 2253 1428 2301 sed

149 2328 276 2376 etiam
301 2329 415 2377 inter
445 2330 579 2389 illos,
599 2331 674 2396 qui
708 2331 937 2379 hominem
971 2327 1194 2393 voluptati
1224 2328 1430 2385 donant,⁴

147 2417 335 2463 quorum
376 2403 541 2455 omnia,
565 2403 677 2456 dicta
711 2403 910 2468 faffitque
950 2403 1004 2451 ad
1043 2403 1270 2451 utilitatem
1307 2400 1427 2446 sitam

147 2472 346 2535 spectant.
377 2490 480 2524 nam
504 2475 537 2524 fi
557 2475 748 2542 quietem
766 2475 877 2543 petit
899 2487 945 2529 et
970 2475 1110 2589 otiam
1125 2510 1139 2532 ,
1156 2474 1269 2526 hanc
1285 2472 1433 2534 virtu:

1107 2558 1141 2603 4
