1742 2967
325 217 388 263 72
553 204 601 250 L.
657 203 961 249 ANNAEI
1009 202 1358 252 SENECAE

324 307 562 356 mulatione
577 320 743 355 tantum
758 308 869 355 inter
886 308 1048 355 viscera
1063 310 1230 358 latentis
1250 313 1349 359 mali
1371 314 1591 376 tegebant:

325 397 427 427 cum
447 383 612 429 ratione
630 380 803 429 scilicet.
823 382 1050 442 Quaedam
1068 384 1183 429 enim
1205 385 1503 448 ignorantibus
1523 404 1594 434 ae-

325 454 413 517 gris
433 456 619 502 curanda
640 454 748 503 sunt.
774 454 897 503 causa
924 455 1067 502 multis
1094 457 1309 504 moriendi
1331 456 1440 515 fuit,
1470 476 1594 506 mor-

325 525 429 571 bum
453 527 572 574 suum
600 527 731 574 noffe.
1276 522 1281 527 ’

394 598 520 645 ΧΙΧ.
542 598 702 661 Recipe
716 610 758 645 te
775 599 828 644 ad
842 599 946 646 haec
964 598 1283 662 tranquilliora,
1302 599 1485 657 tutiora,
1505 616 1596 645 ma-

325 668 432 718 iora.
455 670 602 718 Simile
620 683 667 718 tu
686 684 810 735 putas
827 672 910 718 effe
925 707 940 728 ‚
959 684 1102 718 utrum
1123 688 1245 718 cures
1263 706 1276 729 ‚
1299 685 1345 718 ut
1365 673 1596 734 incorrup-

326 755 418 790 tum
437 761 462 790 a
480 744 631 792 fraude
655 746 968 793 advehentium
987 759 1029 793 et
1051 746 1309 809 negligentia
1329 745 1595 792 frumentum

325 818 652 866 transfundatur
669 820 713 866 in
735 819 889 866 horrea
904 855 918 877 ‚
943 837 996 866 ne
1017 832 1234 883 concepto
1254 820 1439 866 humore
1465 818 1595 864 vitie-

325 900 422 946 tur,
446 905 488 939 et
507 892 801 948 concalescat,
824 904 871 939 ut
893 893 946 938 ad
966 892 1209 940 mensuram
1238 894 1496 956 pondusque
1527 907 1596 938 re-

326 962 560 1024 spondeat:
579 981 631 1010 an
648 968 699 1013 ad
715 966 820 1012 baec
839 965 952 1011 sacra
972 980 1015 1012 et
1033 965 1226 1012 sublimia
1246 966 1446 1023 acceda5‚
1465 964 1595 1011 scitu-

325 1050 400 1090 rus
417 1051 528 1098 quae
547 1037 725 1083 materia
740 1037 787 1083 fit
807 1037 886 1084 diis
901 1073 916 1093 ,
935 1053 1044 1099 quae
1064 1038 1290 1099 voluptas,
1313 1054 1424 1099 quae
1443 1036 1593 1084 condi-

325 1105 414 1163 tio,
432 1124 541 1169 quae
562 1108 732 1155 forma?
748 1109 844 1172 quis
864 1109 1058 1155 animum
1075 1122 1198 1155 tuum
1219 1109 1339 1157 casus
1358 1109 1594 1172 exspe6let,

327 1181 402 1227 ubi
416 1198 497 1228 nos
514 1200 537 1228 a
553 1184 812 1246 corporibus
826 1184 1021 1230 dimissos
1041 1199 1191 1236 natura
1208 1182 1475 1247 componat?
1488 1182 1595 1246 quid

325 1252 403 1307 fit,
423 1255 546 1316 quod
566 1254 690 1301 huius
709 1257 861 1302 mundi
891 1255 1133 1319 graviflima
1160 1273 1357 1320 quaeque
1375 1256 1421 1302 in
1444 1255 1595 1302 medio

326 1324 546 1381 sustineat,
576 1329 701 1389 supra
720 1329 834 1376 levia
855 1329 1102 1392 suspendat,
1134 1329 1180 1374 in
1203 1328 1419 1375 summum
1448 1328 1592 1390 ignem

324 1396 456 1454 ferat,
470 1396 603 1445 fidera
626 1399 795 1446 vicibus
816 1400 897 1447 suis
916 1400 1110 1447 excitet?
1129 1400 1284 1447 Cetera
1304 1401 1510 1462 deinceps
1527 1400 1593 1446 in-

325 1470 523 1532 gentibus
543 1471 668 1532 plena
691 1472 920 1520 miraculis.
941 1474 1020 1520 Vis
1038 1484 1111 1529 tu,
1131 1473 1286 1520 reliEto
1305 1473 1400 1520 solo
1414 1509 1427 1529 ‚
1448 1487 1593 1519 mente

324 1543 379 1589 ad
393 1541 466 1588 ista
489 1543 722 1605 respicere?
743 1562 874 1599 nunc,
895 1546 996 1592 dum
1012 1547 1118 1593 calet
1138 1546 1329 1610 sanguis,
1347 1545 1595 1608 vigentibus

323 1615 378 1660 ad
398 1615 577 1661 meliora
603 1617 795 1663 eundum
827 1617 898 1665 est.
927 1618 1151 1680 Exspectat
1172 1634 1214 1665 te
1242 1619 1287 1664 in
1316 1618 1403 1664 hoc
1433 1633 1590 1680 genere

322 1687 439 1734 vitae
458 1688 644 1735 multum
666 1682 879 1736 bonarum
899 1691 1079 1746 artium,
1096 1708 1222 1738 amor
1239 1690 1449 1739 virtutum
1464 1701 1594 1752 atque

321 1756 446 1815 usus,
472 1758 758 1821 cupiditatum
784 1761 986 1816 oblivio,
1015 1763 1197 1810 vivendi
1217 1773 1346 1824 atque
1372 1759 1592 1807 moriendi

321 1830 518 1888 scientia,
546 1834 628 1881 alta
648 1851 790 1882 rerum
812 1836 946 1898 quies.
965 1836 1182 1882 Omnium
1201 1835 1379 1899 quidem
1399 1848 1592 1895 occupa-

318 1915 467 1950 torum
487 1906 687 1953 conditio
705 1907 854 1954 misera
873 1908 964 1956 est:
984 1926 1142 1956 eorum
1163 1921 1309 1955 tamen
1330 1905 1590 1963 miserrima,

319 1977 395 2040 qui
413 1995 466 2024 ne
486 1977 569 2025 suis
587 1979 765 2042 quidem
791 1983 1152 2045 occupationibus
1173 1981 1383 2028 laborant.
1408 1979 1462 2026 ad
1486 1978 1590 2026 alie-

320 2065 426 2095 num
447 2050 669 2098 dormiunt
697 2052 924 2112 somnum,
949 2055 1004 2101 ad
1028 2055 1217 2101 alienum
1243 2051 1462 2099 ambulant
1491 2067 1590 2115 gra—

319 2121 453 2178 dum,
489 2123 542 2170 ad
572 2125 758 2173 alienum
787 2128 1024 2174 comedunt
1058 2127 1330 2190 appetitum;
1367 2141 1511 2172 amare
1541 2136 1587 2173 et

317 2193 477 2250 odisse,
497 2212 565 2243 res
582 2198 780 2246 omnium
799 2200 1058 2256 liberrimas,
1077 2200 1291 2247 iubentur.
1312 2199 1371 2245 Hi
1391 2198 1421 2244 fi
1449 2197 1587 2245 velint

318 2266 424 2313 scire
439 2302 453 2324 ‚
482 2285 610 2331 quam
645 2271 791 2319 brevis
822 2273 1014 2335 ipsorum
1047 2272 1138 2319 vita
1176 2270 1248 2328 fit,
1279 2271 1471 2335 cogitent
1485 2303 1498 2325 ,
1527 2284 1583 2314 ex

317 2352 449 2399 quota
483 2358 600 2402 parte
623 2343 693 2390 sua
725 2344 786 2392 fit.
814 2346 928 2391 Cum
956 2344 1117 2391 videris
1145 2344 1287 2407 itaque
1316 2354 1583 2406 praetextam

317 2410 440 2473 saepe
458 2415 541 2461 iam
559 2415 739 2462 sumtam
754 2453 765 2471 ,
788 2435 886 2464 cum
904 2417 1073 2465 celebre
1094 2417 1138 2463 in
1160 2416 1261 2463 foro
1283 2431 1441 2462 nomen
1460 2447 1472 2467 ‚
1491 2428 1581 2457 non

316 2481 534 2536 invideris,
558 2486 635 2534 lsta
658 2490 774 2538 vitae
791 2490 954 2538 damno
973 2503 1175 2555 parantur
1196 2508 1205 2538 :
1227 2504 1274 2537 ut
1292 2504 1400 2537 unus
1417 2487 1470 2534 ab
1495 2486 1575 2534 illis
