1742 2967
351 174 434 221 De
472 176 891 224 emericus
941 180 1061 226 ΗΒ.
1108 183 1182 226 v1.
1300 198 1421 245 *259

158 289 274 320 mam
299 288 342 320 et
365 274 559 321 ultimam
583 275 690 321 nihil
714 274 942 322 interesse?
977 276 1126 324 Nescis
1151 290 1357 339 quantum
1376 279 1425 326 fit

158 347 344 409 pretium
376 348 591 394 amicitiae
611 383 626 404 ,
654 349 684 394 si
711 365 802 394 non
847 348 1048 411 intelligis
1083 349 1267 396 multum
1301 363 1343 397 te
1382 351 1424 397 ei

159 420 394 473 daturum,
421 420 489 465 cui
523 420 689 466 dederis
720 422 932 475 amicum,
970 438 1061 467 rem
1094 439 1185 468 non
1218 423 1422 470 domibus

159 504 350 548 tantum,
383 493 455 538 sed
493 492 642 539 seculis
667 511 837 539 raram:
869 511 979 556 quae
1011 511 1102 541 non
1127 495 1258 541 aliubi
1289 497 1422 558 magis

157 565 299 622 deest,
323 581 451 627 quam
480 565 555 611 ubi
583 566 774 612 creditur
798 567 1025 612 abundare.
1068 567 1226 626 Quid?
1251 567 1352 613 istos
1375 583 1422 614 tu

159 637 308 696 libros,
327 654 437 701 quos
453 639 526 685 vix
543 641 922 686 nomenclatorum
943 640 1243 701 complectitur
1257 654 1327 686 aut
1342 657 1425 687 me-

157 712 325 770 moria,
348 724 421 758 aut
446 730 620 767 manus,
647 713 888 765 amicorum
921 713 1132 759 existimas
1161 713 1273 760 effe?
1318 715 1422 760 Non

158 785 253 831 sunt
283 785 348 831 isti
377 786 528 843 amici,
557 786 632 849 qui
659 785 828 849 agmine
860 778 1018 848 magno
1046 786 1215 831 ianuam
1233 786 1423 847 pulsant,

157 857 234 919 qui
265 857 309 903 in
338 858 497 919 primas
530 871 574 904 et
607 857 812 904 secundas
845 858 1120 904 admissiones
1158 859 1421 921 digeruntur.

154 928 444 975 Consuetudo
469 928 542 974 ista
564 945 688 975 vetus
707 928 767 975 est
785 929 977 990 regibus,
997 946 1200 991 regesque
1223 929 1421 976 fimulan-

153 1001 291 1059 tibus,
317 1002 530 1064 populum
554 993 797 1048 amicorum
819 1001 1070 1048 describere.
1093 1001 1164 1047 Est
1194 1004 1418 1064 proprium

153 1072 378 1134 superbiae
393 1109 406 1130 ,
434 1089 594 1136 magno
613 1073 832 1120 aestimare
854 1074 1081 1120 introitum
1106 1090 1156 1119 ac
1174 1075 1331 1120 tactum
1357 1075 1420 1121 sui

152 1145 312 1193 liminis
327 1178 339 1200 ‚
360 1159 401 1192 et
421 1162 501 1208 pro
522 1147 694 1192 honore
713 1147 836 1204 dare,
858 1162 904 1192 ut
927 1145 1038 1192 ostio
1057 1145 1135 1192 suo
1160 1147 1338 1208 propius
1355 1147 1420 1193 as-

153 1217 308 1274 fideas,
326 1229 372 1264 ut
395 1218 575 1280 gradum
601 1218 722 1280 prior
739 1217 848 1264 intra
868 1218 1050 1264 domum
1071 1233 1235 1278 ponas,
1261 1218 1305 1263 in
1332 1235 1417 1281 qua

153 1290 357 1352 deinceps
398 1290 530 1336 multa
564 1290 658 1337 sunt
691 1289 798 1336 ostia
819 1324 832 1348 ,
871 1305 981 1353 quae
1014 1302 1212 1353 receptos
1239 1307 1416 1354 quoque

153 1361 403 1409 excludunt.

216 1436 434 1483 XXXIV.
452 1437 585 1500 Apud
604 1452 682 1483 nos
711 1436 839 1499 primi
857 1436 1052 1483 omnium
1085 1436 1136 1482 C.
1163 1435 1415 1495 Gracchus,

149 1518 193 1555 et
223 1525 328 1555 mox
356 1510 502 1556 Livius
524 1511 692 1556 Drusus
718 1510 989 1557 instituerunt
1012 1512 1226 1573 segregare
1246 1511 1414 1556 turbam

151 1582 268 1629 suam
283 1614 297 1638 ,
319 1596 361 1629 et
384 1582 492 1629 alios
514 1583 559 1628 in
585 1583 794 1630 secretum
823 1584 1041 1646 recipere,
1067 1583 1171 1628 alios
1195 1599 1293 1628 cum
1319 1582 1414 1643 plu-

151 1655 293 1712 ribus,
317 1654 423 1701 alios
449 1654 690 1701 universos.
715 1653 970 1700 Habuerunt
995 1652 1134 1716 itaque
1156 1652 1222 1698 isti
1248 1654 1412 1699 amicos

153 1731 341 1792 primos,
359 1729 600 1775 habuerunt
623 1740 666 1774 et
689 1728 921 1783 secundos,
943 1744 1164 1789 nunquam
1182 1740 1324 1774 veros.
1350 1730 1410 1771 A·

150 1803 318 1850 micum
342 1819 501 1857 vocas,
520 1802 639 1849 cuius
662 1801 903 1864 disponitur
928 1799 1152 1847 salutatio?
1173 1813 1245 1845 aut
1265 1798 1409 1861 potest

149 1877 281 1924 huius
298 1876 376 1936 tibi
402 1887 547 1938 patere
569 1874 696 1933 fides,
715 1876 791 1938 qui
810 1891 887 1937 per
901 1875 1016 1921 fores
1038 1873 1224 1936 maligne
1243 1884 1409 1934 apertas

148 1967 242 1997 non
270 1950 418 2007 intrat,
447 1950 518 1996 sed
547 1949 774 1996 il‘labitur?
802 1949 913 1995 Huic
939 1946 1165 2010 pervenire
1193 1946 1325 2009 usque
1354 1946 1409 1992 ad

149 2023 485 2087 distringendam
505 2023 744 2070 libertatem
768 2023 888 2080 licet,
909 2020 1226 2084 cuius'vulgare
1239 2033 1280 2066 et
1304 2018 1409 2081 pub·

145 2096 276 2143 licum
296 2096 482 2142 verbum
500 2107 543 2142 et
561 2095 854 2158 promiscuum
874 2095 1033 2157 ignotis
1047 2126 1062 2150 ‚
1079 2096 1175 2140 Ave
1187 2127 1199 2150 ‚
1221 2109 1310 2139 non
1332 2091 1408 2138 nifi

146 2171 227 2218 suo
249 2169 404 2216 ordine
422 2168 635 2215 emittitur
653 2173 669 2214 ?
700 2168 769 2214 Ad
789 2185 1093 2231 quemcunque
1129 2167 1275 2230 itaque
1302 2165 1408 2211 isto-

146 2259 246 2290 rum
271 2243 465 2301 veneris,
493 2260 680 2306 quorum
701 2241 894 2288 salutatio
917 2242 1066 2288 urbem
1088 2239 1302 2295 concutit,
1321 2237 1403 2284 sci-

145 2327 220 2371 t0‚
249 2317 377 2362 etiam
392 2315 423 2361 'si
444 2315 796 2378 animadverteris
820 2313 1008 2360 obsessos
1026 2312 1187 2376 ingenti
1206 2312 1404 2373 frequen-

146 2389 202 2435 tia
225 2389 375 2443 vicos,
397 2399 441 2434 et
466 2388 804 2434 commeantium
824 2387 868 2432 in
898 2398 1125 2448 utramque
1146 2398 1310 2446 partem
1336 2397 1405 2428 ca-

147 2463 282 2513 tervis
299 2463 452 2512 itinera
477 2462 719 2527 compressa
735 2497 750 2522 ,
776 2474 921 2509 tamen
942 2461 1094 2510 venire
1119 2471 1160 2507 te
1187 2459 1400 2505 inlocum
