1742 2967
230 318 294 375 L.
363 316 792 375 ANNAEI
859 318 1362 378 SENECAE

162 452 313 526 AD
350 449 852 528 NERONEM
900 409 1441 543 CAESAREM

372 608 506 674 DE
566 606 1231 677 CLEMENTIA

409 750 708 795 LlssER
791 750 1188 817 PRxMUDS.

1071 877 1438 894 —————-

526 952 832 1012 Argumentum
861 948 905 996 6·
935 952 1062 999 Ordo.

160 1065 217 1104 Hi
235 1065 314 1104 libri
321 1065 446 1118 firipti
465 1064 570 1103 initio
586 1065 815 1118 Principatus
834 1066 1011 1115 Neronis,
1031 1067 1125 1119 quod
1136 1067 1208 1122 ipse
1220 1068 1278 1111 lib.
1290 1068 1329 1118 I,
1350 1069 1438 1124 Cap.

214 1140 268 1165 IX
280 1127 402 1180 palam
426 1128 560 1165 indicat
574 1158 584 1174 ‚
603 1141 677 1164 cum
686 1128 810 1180 scribit
824 1141 897 1165 eum
916 1128 1095 1180 ingrcffum
1118 1143 1248 1167 annum
1273 1132 1436 1169 decimum

213 1204 352 1227 nonum.
369 1190 403 1227 E
408 1202 421 1227 t
435 1204 513 1227 vero
529 1189 630 1241 digni
640 1190 804 1242 Principe
820 1190 921 1236 libri,
937 1204 980 1228 ac
992 1193 1172 1230 materies.-
1187 1204 1288 1244 atque
1300 1195 1435 1232 utinam

211 1251 330 1303 legant
340 1282 352 1297 ‚
369 1252 403 1288 6¹
415 1252 514 1289 mites
517 1252 625 1301 stmul
634 1265 843 1304 magnosque
858 1253 995 1290 animos
1011 1253 1055 1290 ab
1069 1253 1116 1289 iis
1120 1255 1289 1306 sumant!
1306 1254 1434 1294 Exor-

211 1315 304 1351 dium
327 1315 370 1365 est
385 1329 407 1351 a
423 1314 524 1351 laude
539 1315 696 1351 Neronis
707 1345 720 1361 ,
743 1314 912 1368 necfalsa
923 1346 937 1362 ,
959 1327 997 1353 ut
1014 1315 1121 1353 initia
1137 1316 1203 1354 illa
1218 1329 1327 1356 erant.
1354 1318 1434 1356 De-

213 1377 293 1414 inde
318 1378 401 1429 Cap.
420 1388 479 1414 ιιι
493 1376 624 1414 dividit
631 1377 799 1430 scriptum
811 1377 848 1414 in
863 1388 931 1414 tres
944 1389 1066 1430 partes
1083 1393 1093 1416 :
1110 1391 1214 1416 unam
1229 1380 1437 1418 Manuduc-

211 1440 320 1478 tionis
329 1456 346 1488 ,·
365 1440 530 1488 alteram,
554 1453 640 1492 quae
663 1453 823 1479 naturam
853 1440 1059 1480 Clementiae
1083 1440 1256 1495 explicet;
1274 1443 1410 1480 tertiam
1422 1474 1434 1490 ,

212 1516 298 1554 quae
314 1503 364 1540 ad
379 1516 451 1540 eam
469 1503 636 1555 perducat
649 1533 659 1550 ,
675 1501 710 1539 ὸ
722 1503 848 1553 firmet.
872 1502 915 1542 In
931 1503 1044 1555 prima
1058 1534 1071 1549 ,
1081 1503 1216 1556 primus
1233 1515 1329 1541 totus
1353 1505 1439 1542 liber

212 1563 426 1617 abfitmitur:
453 1562 487 1600 6³
508 1563 700 1615 praemittit
719 1564 761 1600 de
789 1564 957 1603 Utilitate
983 1563 1210 1609 Clementiae,
1232 1562 1267 1600 ὃ·
1282 1565 1439 1617 Regibus

214 1626 363 1664 maxime
377 1626 568 1664 convenire.
583 1627 756 1664 Decoram
771 1626 847 1663 illis
860 1656 871 1675 ‚
891 1626 973 1678 quia
985 1625 1104 1678 capita
1117 1626 1322 1679 reipublicae
1328 1629 1440 1680 fitnt,

214 1703 280 1727 nos
300 1688 396 1726 velut
415 1703 538 1741 corpus
562 1688 597 1726 6⁴
612 1690 756 1727 membra
779 1706 788 1729 :
814 1690 912 1742 atqui
930 1689 1063 1742 corpori
1081 1692 1161 1741 quis
1183 1704 1255 1728 non
1268 1691 1382 1742 parcit
1402 1691 1438 1729 ἐξ

213 1750 399 1803 indulget?
412 1750 645 1802 Neceffizriam
663 1752 766 1789 etiam
781 1751 843 1803 effe
853 1781 866 1797 ,
889 1750 927 1789 in
944 1752 1045 1804 copia
1054 1751 1272 1803 peccantium
1286 1767 1297 1790 .·
1310 1766 1395 1804 quos
1401 1753 1441 1804 fi

207 1813 318 1866 punis
342 1812 496 1865 semper,
512 1812 741 1866 solitudinem
762 1813 874 1864 facis.
899 1812 960 1852 Ab
987 1812 1142 1866 exemplo
1171 1812 1352 1860 Deorum,
1379 1812 1442 1866 qui

214 1874 317 1913 nobis
333 1886 509 1928 parcunt.-
536 1874 614 1912 item
636 1889 659 1912 a
683 1875 817 1920 Fama,
845 1875 928 1926 quia
943 1875 1061 1913 omnia
1082 1877 1215 1928 Regum
1228 1887 1375 1928 patent,
1405 1875 1440 1913 δ’

215 1937 358 1976 minima
368 1936 524 1989 saevitia
539 1935 768 1989 protrahitur.
790 1937 832 1975 A
852 1936 1054 1975 Securitate.
1081 1950 1162 1973 nam
1185 1936 1238 1974 ita
1264 1937 1442 1989 imperan-

216 2011 290 2046 tes,
317 1999 460 2036 tutiores
468 2013 484 2046 ,-
508 1998 736 2050 adiungitque
745 1996 844 2050 fiu‘la
863 1998 1030 2049 quaedam
1055 1998 1219 2050 Augusti.
1249 1999 1380 2037 Contra
1401 1998 1442 2037 in

219 2058 420 2111 Tymnnis,
445 2058 505 2110 qui
519 2073 583 2112 per
592 2059 783 2113 saevitiam
805 2060 888 2097 odia
902 2090 914 2107 ‚
935 2059 1115 2112 pericula,
1138 2059 1251 2097 exitia
1264 2061 1335 2110 fibi
1354 2061 1442 2114 gig-

216 2132 319 2160 nunt.
335 2121 389 2159 At
415 2121 585 2172 Princeps
601 2121 710 2174 igitur
729 2135 806 2159 raro
822 2121 951 2174 punit,
975 2119 1008 2158 ἃ
1033 2120 1183 2159 molliter
1205 2133 1268 2159 aut
1285 2124 1416 2161 modice
1430 2153 1445 2172 ,

218 2186 335 2224 animo
356 2197 457 2238 atque
477 2185 631 2239 exemplo
640 2198 838 2238 parentum.
852 2187 971 2237 Atque
984 2200 1022 2223 ea
1036 2184 1223 2223 moderatio
1236 2184 1274 2222 in
1282 2185 1420 2237 scholis
1429 2215 1444 2232 ,

215 2246 370 2293 militia,
394 2246 630 2293 animalibus,
647 2247 788 2299 servis,
818 2261 892 2285 cum
909 2245 1025 2299 fruc‘lu
1049 2246 1242 2285 adhibetur.
1270 2246 1395 2285 Etiam
1422 2263 1446 2287 a

217 2309 361 2347 Νατιινα
386 2308 591 2354 adhibetur,
617 2308 659 2345 ab
684 2321 787 2360 apum
804 2308 976 2359 imagine:
1002 2321 1144 2359 quarum
1164 2309 1245 2346 Rex
1267 2307 1379 2345 aculei
1403 2309 1448 2360 est

216 2383 349 2421 expers.
372 2370 446 2407 Iam
472 2370 643 2422 Princeps
665 2382 726 2406 aut
749 2372 848 2417 Sua,
870 2380 932 2406 aut
948 2369 1082 2407 Aliena
1100 2370 1205 2421 causa
1221 2369 1348 2422 punit,
1371 2382 1448 2408 cum

213 2433 330 2485 punit.
356 2433 444 2470 Non
460 2433 555 2470 debet
569 2433 681 2485 rigide
697 2433 733 2469 in
752 2434 847 2477 Sua,
872 2433 954 2484 quia
976 2432 1126 2470 ultionis
1133 2432 1268 2485 solatio
1285 2447 1355 2472 non
1374 2444 1448 2483 eget

214 2495 254 2533 in
273 2505 343 2532 tam
362 2494 437 2533 alta.
449 2493 609 2548 fintuna.
635 2495 721 2533 Non
740 2495 777 2533 in
798 2495 955 2544 Aliena,
973 2495 1128 2547 rufi<ad
1139 2494 1245 2546 instar
1259 2494 1391 2548 Legis)
1407 2506 1446 2534 ut

1124 2553 1159 2595 A
1185 2564 1211 2594 2
