1742 2967
411 199 511 246 DE
554 197 984 245 aimericus
1029 199 1268 245 LtB.111.
1388 215 1475 263 ¹77

202 318 509 371 praeceptores
543 321 788 368 eorumque
821 304 1030 352 beneficia
1058 304 1344 352 intercidant:
1373 305 1477 369 quia

200 393 338 426 totam
361 378 587 441 pueritiam
608 377 903 441 relinquimus.
926 377 981 423 sic
998 375 1074 433 fit,
1095 391 1141 424 ut
1160 376 1205 423 in
1223 378 1478 425 adolescen-

202 453 307 500 tiam
327 451 517 499 nostram
539 454 694 499 collata
715 467 889 514 pereant
900 451 918 497 ⁴:
939 452 1040 515 quia
1060 453 1149 514 ipsa
1166 468 1389 512 nunquam
1412 468 1479 498 re-

201 527 419 573 tractatur.
463 527 610 571 Nemo
636 526 756 588 quod
788 523 890 580 fuit,
916 538 1120 586 tanquam
1143 524 1186 569 in
1218 522 1480 586 praeterito,

201 598 275 646 sed
292 612 495 661 tanquam
525 597 567 642 in
599 597 772 659 perdito
802 596 927 659 ponit
949 596 1169 661 :ideoque
1195 595 1357 643 caduca
1385 610 1480 642 me-

200 671 345 718 moria
366 670 426 718 est
450 669 601 717 futuro
620 669 957 716 imminentium.

255 748 330 793 lv.
349 745 450 791 Hoc
470 745 574 792 loco
595 744 864 791 reddendum
879 741 939 789 est
956 741 1149 804 Epicuro
1167 738 1481 798 testimonium,

202 819 280 883 qui
305 819 464 866 affidue
485 818 679 882 queritur
694 853 707 875 ‚
727 817 848 880 quod
872 815 1075 862 adversus
1099 814 1325 876 praeterita
1351 813 1480 860 simus

201 891 394 956 ingrati,
435 892 558 955 quod
587 907 872 955 quaecunque
909 888 1185 952 percepimus
1217 887 1360 945 bona,
1390 904 1480 934 non

202 965 492 1019 reducamus,
520 979 601 1009 nec
629 963 741 1008 inter
763 961 1012 1025 voluptates
1038 975 1316 1006 numeremus
1338 976 1350 1005 z
1379 975 1480 1006 cum

203 1035 369 1084 certior
394 1035 508 1082 nulla
530 1033 581 1081 fit
607 1034 810 1096 voluptas
826 1069 838 1090 ,
861 1050 989 1097 quam
1020 1048 1128 1097 quae
1153 1032 1237 1078 iam
1258 1030 1366 1094 eripi
1389 1047 1481 1078 non

202 1107 356 1172 potest.
396 1106 636 1155 Praesentia
661 1108 778 1153 bona
807 1107 1007 1152 nondum
1025 1116 1117 1151 tota
1135 1104 1181 1151 in
1201 1103 1343 1151 solido
1363 1101 1480 1163 sunt,

201 1181 344 1244 potest
366 1180 435 1226 illa
457 1180 574 1226 casus
596 1179 749 1241 aliquis
774 1178 967 1226 incidere
994 1196 1004 1224 ε
1025 1176 1169 1224 futura
1192 1176 1411 1239 pendent,
1436 1190 1481 1224 et

202 1254 367 1301 incerta
387 1253 503 1299 sunt:
524 1253 647 1316 quod
664 1252 900 1315 praeteriit,
919 1251 1031 1298 inter
1051 1262 1143 1298 tuta
1161 1249 1393 1313 sepositum
1407 1247 1481 1296 est.

202 1326 454 1388 Quomodo
480 1342 589 1389 ergo
618 1337 761 1389 gratus
788 1327 1019 1390 quisquam
1051 1325 1138 1372 effe
1169 1323 1372 1371 adversus
1400 1322 1481 1370 be·-

201 1394 357 1446 iieficia
374 1398 530 1461 potest,
546 1399 621 1462 qui
640 1414 819 1447 omnem
834 1398 974 1445 vitam
992 1396 1107 1443 suam
1125 1394 1322 1443 transilit?
1363 1396 1481 1442 Prae-

201 1472 388 1518 sentium
416 1470 593 1517 intuitus
609 1506 622 1527 ,
641 1487 690 1515 ac
713 1469 960 1516 futurorum
996 1469 1208 1515 memoria
1233 1480 1404 1532 gratum
1425 1466 1483 1513 fa-

200 1544 275 1590 cit.
308 1543 552 1601 Memoriae
586 1542 815 1589 minimum
848 1543 1025 1601 tribuit,
1051 1542 1245 1606 quisquis
1275 1540 1363 1604 spei
1383 1540 1482 1604 plu·-

201 1633 378 1663 rimum.

269 1692 327 1736 V.
362 1686 752 1747 Quemadmodum
773 1722 786 1744 ‚
811 1685 873 1732 mi
901 1685 1135 1740 Liberalis,
1167 1685 1378 1749 quaedam
1415 1702 1482 1733 res

202 1761 333 1808 semel
359 1773 588 1823 perceptae
617 1761 820 1815 haerent3
855 1758 1066 1821 quaedam
1090 1772 1136 1805 ut
1163 1759 1292 1817 scias,
1313 1777 1402 1806 non
1421 1759 1482 1806 est

203 1834 300 1881 satis
328 1833 522 1880 didicisse
545 1851 555 1879 :
581 1831 825 1897 (intercidit
856 1830 973 1876 enim
994 1847 1149 1876 eorum
1179 1830 1351 1878 scientia
1367 1867 1381 1888 ‚
1405 1829 1482 1877 nisi

203 1905 509 1970 continuetur)
540 1905 845 1953 Geometriam
876 1905 978 1951 dico
999 1940 1011 1961 ,
1038 1916 1080 1952 et
1110 1904 1353 1950 sublimium
1381 1922 1484 1951 cur-

202 1967 380 2037 sumset
399 1980 428 2025 fi
447 1996 530 2042 qua
550 1978 632 2025 alia
653 1993 835 2041 propter
859 1976 1139 2023 subtilitatem
1165 1975 1329 2022 lubrica
1357 1975 1450 2022 sunt
1470 1993 1482 2023 :

203 2051 263 2098 ita
290 2051 503 2098 beneficia
532 2052 751 2114 quaedam
776 2050 1035 2114 magnitudo
1062 2039 1152 2095 non
1179 2049 1339 2111 patitur
1365 2049 1486 2096 exci-

204 2125 324 2179 dere,
345 2125 555 2186 quaedam
578 2124 773 2178 minora,
790 2124 859 2170 sed
877 2139 1064 2168 numero
1086 2121 1286 2184 plurima,
1307 2137 1350 2168 et
1370 2137 1483 2167 tem-

205 2197 390 2258 poribus
419 2197 612 2254 diversa,
639 2197 833 2243 effluunt.
871 2196 988 2256 Quia
1018 2193 1088 2259 (ut
1113 2192 1233 2256 dixi>
1261 2210 1351 2239 non
1381 2194 1483 2239 sub-

203 2271 305 2318 inde
334 2272 403 2317 illa
430 2274 663 2318 “efflamus
694 2289 705 2319 ε
738 2289 818 2318 nec
845 2272 1055 2325 libenter,
1086 2268 1191 2333 quid
1219 2267 1375 2330 cuique
1405 2268 1485 2313 de-

203 2346 407 2404 beamus,
439 2347 812 2409 recognoscimus.
843 2346 954 2391 Audi
983 2359 1119 2391 voces
1137 2341 1391 2405 petentium.
1412 2357 1486 2387 ne-

205 2435 284 2463 mo
311 2436 401 2465 non
426 2420 636 2466 vifluram
666 2421 835 2482 semper
861 2419 905 2465 in
932 2418 1082 2464 animo
1109 2416 1188 2462 suo
1221 2413 1482 2461 memoriam

203 2489 342 2536 dixit:
369 2508 501 2537 nemo
532 2509 620 2537 non
652 2493 846 2538 deditum
881 2490 922 2539 se
950 2505 994 2539 et
1024 2492 1236 2539 devotum
1269 2486 1484 2552 professus

266 2557 313 2601 L.
336 2560 461 2603 Ana.
489 2562 659 2605 Seneca.
700 2560 795 2604 Vol.
814 2559 881 2602 II·
1181 2554 1233 2599 M
