1742 2967
342 191 442 256 m:
490 207 966 256 CLEMENTIA
1019 210 1232 258 LIB.1.
1368 222 1427 268 27

148 316 374 383 nitudine,
415 333 504 363 tun]
541 319 697 364 vivore.
747 318 834 364 hoc
871 331 1015 365 tamen
1047 318 1236 364 maxime
1277 316 1427 363 distin-

149 391 313 454 guitur.
341 390 685 438 iracundiffimae
701 427 717 448 ‚
748 408 798 437 ac
824 407 905 452 pro
936 390 1136 454 corporis
1165 402 1295 452 captu
1315 406 1426 451 pug-

150 463 397 511 nac³ffimae
432 463 527 510 sunt
554 481 684 523 apes,
713 476 767 510 et
800 465 974 510 aculeos
1002 463 1045 508 in
1075 462 1260 508 vulnere
1297 462 1429 508 relin-

150 549 289 597 quunt
309 554 321 582 :
344 553 421 582 rex
452 536 539 597 ipse
572 537 658 583 stne
685 537 839 583 aculeo
862 535 935 583 est.
972 535 1130 582 Noluit
1158 535 1279 581 illum
1306 548 1430 580 natu-

149 624 195 654 ra
220 624 300 655 nec
331 607 506 654 saevum
539 608 650 665 esse,
683 626 764 656 nec
792 609 1006 655 ultionem
1027 625 1188 671 magno
1215 607 1432 655 constatu-

150 695 241 724 ram
272 693 456 740 petere:
489 680 712 742 telumque
743 680 952 736 detraxit,
983 693 1025 728 et
1054 680 1160 727 iram
1191 680 1282 726 eius
1314 679 1432 725 iner-

151 768 267 798 mem
294 751 481 814 reliquit.
516 754 750 816 Exemplar
778 753 863 800 hoc
885 754 1050 817 magnis
1076 753 1251 817 regibus
1279 752 1433 815 ingens

150 826 222 873 est.
260 825 331 872 Est
357 826 475 873 enim
505 826 564 872 illi
591 844 713 885 mos,
741 844 919 875 exerere
951 828 992 874 se
1021 827 1066 873 in
1099 826 1266 890 parvis,
1295 842 1338 872 et
1365 826 1434 871 in-

151 900 346 964 gentium
386 917 532 948 rerum
562 902 830 949 documenta
858 901 1040 947 minima
1072 917 1213 965 agere.
1244 900 1434 957 Pudeat,

151 974 205 1020 ab
230 973 398 1036 exiguis
427 974 684 1021 animalibus
706 991 797 1020 non
823 973 994 1020 trahere
1020 989 1167 1019 mores
1189 991 1198 1018 :
1221 989 1320 1018 cum
1342 984 1437 1016 tan-

151 1061 199 1094 to
221 1047 452 1094 hominum
475 1048 747 1095 moderatior
765 1048 849 1094 esse
869 1046 1039 1094 animus
1058 1047 1241 1103 debeat,
1270 1057 1437 1107 quanto

153 1120 460 1167 vehementius
486 1135 632 1167 nocet.
662 1122 845 1169 Utinam
874 1121 1053 1184 quidem
1082 1120 1234 1167 eadem
1266 1118 1438 1164 homini

152 1193 221 1239 lex
242 1193 345 1239 esset
368 1210 379 1239 :
399 1205 441 1240 et
460 1193 521 1239 ira
550 1212 649 1243 cum
677 1195 769 1242 telo
796 1195 876 1241 suo
900 1194 1176 1256 frangeretur
1199 1209 1210 1237 t
1239 1208 1319 1237 nec
1350 1193 1439 1237 sae-

152 1268 250 1329 pius
279 1266 428 1313 liceret
455 1284 617 1314 nocere
641 1285 771 1329 quam
801 1268 958 1323 semel,
987 1284 1068 1313 nec
1094 1264 1245 1311 alienis
1270 1265 1440 1310 viribus

154 1354 358 1386 exercere
387 1338 516 1385 odia!
548 1339 676 1387 facile
706 1340 823 1386 enim
856 1338 1077 1385 lassaretur
1110 1338 1234 1383 furor
1253 1372 1266 1395 ,
1296 1336 1325 1382 fi
1361 1353 1441 1399 per

156 1411 197 1458 se
226 1411 305 1457 fibi
342 1410 630 1470 satisfaceret,
659 1425 703 1459 et
732 1413 758 1457 si
794 1412 951 1458 mortis
970 1411 1172 1473 periculo
1203 1410 1297 1458 vim
1321 1410 1440 1456 suam

153 1483 412 1531 effunderet.
440 1485 524 1531 Sed
547 1502 600 1533 ne
623 1503 739 1532 nunc
763 1485 943 1549 quidem
974 1484 1037 1530 illi
1060 1483 1205 1531 cursus
1223 1494 1338 1529 tutus
1364 1481 1443 1529 est.

157 1558 350 1603 Tantum
373 1557 488 1604 enim
513 1560 678 1606 necesse
695 1558 755 1606 est
776 1559 950 1616 timeat,
970 1567 1181 1620 quantum
1202 1555 1347 1601 timeri
1368 1571 1445 1602 vo-

155 1629 321 1678 luittet
347 1646 503 1677 manus
522 1632 724 1679 omnium
748 1631 977 1687 observet,
1001 1641 1043 1675 et
1060 1645 1117 1675 eo
1136 1645 1316 1691 quoque
1339 1642 1445 1674 tem·

158 1718 269 1765 pore
299 1719 390 1765 quo
417 1719 508 1749 non
537 1716 758 1766 captatur,
789 1703 878 1764 peti
903 1702 945 1749 se
972 1701 1159 1758 iudicet3
1189 1701 1445 1763 nullumque

159 1787 436 1822 momentum
475 1776 671 1823 immune
706 1793 728 1823 a
770 1788 889 1822 metu
922 1776 1089 1821 habeat.
1128 1775 1254 1820 Hanc
1292 1773 1446 1837 aliquis

138 1861 285 1912 'agere
314 1849 451 1897 vitam
482 1849 656 1896 sustinet
689 1867 698 1895 :
727 1864 828 1895 cum
862 1848 987 1895 liceat
1018 1847 1248 1894 innoxium
1274 1846 1365 1892 aliis
1400 1858 1444 1892 et

159 1923 221 1969 ob
249 1922 338 1968 hoc
368 1921 565 1970 securum
584 1958 596 1979 ‚
627 1923 806 1969 salutare
843 1922 1066 1985 potentiae
1097 1921 1165 1967 ius
1194 1920 1315 1966 laetis
1340 1936 1444 1965 om-

162 1997 317 2051 nibus,
344 1997 561 2044 tractare?
592 2000 718 2044 Errat
751 1997 868 2042 enim
891 2032 904 2051 ,
941 1995 971 2042 fi
1001 1996 1097 2058 quis
1128 1993 1345 2041 existimat
1374 2007 1446 2040 tu-

163 2080 256 2116 tum
291 2069 377 2117 effe
410 2070 469 2116 ibi
506 2087 685 2134 regem,
725 2071 800 2116 ubi
846 2070 953 2116 nihil
987 2086 1010 2115 a
1047 2085 1149 2133 rege
1186 2080 1330 2116 tutum
1370 2067 1446 2115 est.

164 2143 378 2190 Securitas
401 2144 627 2192 securitate
651 2156 802 2190 mutua
825 2143 1078 2206 paciscenda
1105 2141 1179 2189 est.
1208 2143 1314 2189 Nor:
1335 2156 1447 2203 opus

124 2246 129 2250 ,
164 2216 226 2263 est
243 2215 452 2263 instruere
472 2217 516 2263 in
536 2218 670 2264 altum
701 2217 838 2264 editas
859 2233 1008 2271 arces;
1033 2232 1113 2264 nec
1134 2215 1177 2261 in
1198 2214 1449 2262 adscensum

165 2290 328 2336 arduos
345 2289 479 2337 colles
496 2293 693 2337 emunire
705 2327 718 2349 ,
736 2307 818 2338 nec
837 2290 971 2336 latera
987 2289 1204 2336 montium
1222 2288 1451 2335 abscinde·⁷

166 2380 215 2410 re
233 2395 248 2417 ,
278 2363 590 2425 multiplicibus
618 2363 661 2410 se
689 2363 825 2410 muris
853 2361 1129 2425 turribusque
1160 2361 1296 2424 sepire
1321 2378 1334 2407 z
1367 2360 1449 2407 sal-

167 2452 277 2483 vum
314 2454 461 2500 regem
494 2437 538 2482 in
568 2449 724 2500 aperto
762 2436 993 2483 clementia
1026 2434 1269 2499 praestabit.
1296 2437 1447 2482 Unum

172 2506 235 2555 est
255 2508 589 2574 inexpugnabile
609 2507 958 2568 munimentum,
975 2524 1102 2559 amor
1117 2506 1298 2560 civium.
1328 2506 1451 2569 Quid
