1742 2967
303 245 359 282 ἡ)
556 228 602 272 L.
654 226 943 271 ANNAEI
996 226 1345 272 SENECAE

302 345 378 387 tat,
399 333 682 380 ambitionem
702 331 882 378 ambitio
901 351 911 377 :
932 331 1195 379 miseriarum
1214 349 1303 378 non
1325 324 1569 397 finis'qua'ea

308 408 415 453 titur
429 443 443 464 ,
469 408 538 454 sed
561 406 739 453 materia
765 418 969 469 mutatur.
992 405 1140 453 Nostri
1169 423 1249 454 nos
1270 407 1459 454 honores
1476 419 1570 453 tor-

305 480 480 543 strunt?
500 481 592 542 plus
607 477 816 541 temporis
834 479 960 526 alieni
973 478 1191 526 auferunt.
1209 479 1437 537 Candidati
1452 479 1572 525 labo-

307 570 397 598 rare
430 551 695 598 desivimus?
724 550 1023 614 suffragatores
1049 551 1295 614 incipimus.
1331 550 1573 598 Accusandi

308 625 583 685 ‹³12pos11imtis
600 623 837 670 molestiam
859 625 876 670 ?
894 623 1108 670 iudicandi
1128 624 1424 671 nanciscimur.
1442 624 1574 670 ludex

308 698 426 744 desiit
447 697 560 745 effe?
582 697 891 761 quaesitorest.
920 696 1179 744 Alienorum
1204 697 1427 744 bonorum
1458 712 1574 741 mer-

308 770 478 817 cenaria
510 770 820 833 procuratione
854 769 1115 818 consenuit?
1161 769 1243 816 suis
1275 770 1430 832 opibus
1462 768 1575 815 deti-

310 856 450 890 netur.
491 841 680 889 Marium
713 842 846 906 caliga
886 842 1076 890 dimisit?
1116 843 1358 889 consulatus
1388 853 1577 889 exercet.

310 917 517 976 Quintius
537 917 793 962 dictaturam
816 931 1024 979 properat
1044 916 1258 964 evadere?
1277 916 1329 961 ab
1348 926 1491 962 aratro
1508 931 1578 960 re-

311 988 552 1034 vocabitur.
574 987 655 1034 Ibit
670 988 713 1033 in
734 989 908 1035 Poenos
933 989 1129 1035 nondum
1151 1001 1290 1035 tantae
1304 1005 1496 1036 maturus
1514 986 1578 1035 rei

311 1061 461 1123 Scipio
477 1093 490 1116 ‚
510 1061 650 1106 νὶὲἶοι·
670 1060 945 1116 Hannibalis,
970 1061 1113 1107 vistor
1135 1062 1364 1116 Antiochi,
1391 1061 1451 1108 sui
1469 1077 1580 1108 con-

308 1135 466 1180 sulatus
498 1134 626 1179 decus
642 1168 655 1189 ‚
685 1131 863 1178 fraterni
895 1132 1078 1195 sponsor
1099 1133 1172 1180 :ni
1200 1152 1277 1196 per
1298 1122 1436 1196 ipsum
1455 1141 1581 1195 mora

310 1207 357 1252 fit
374 1243 386 1263 ,
417 1224 515 1252 cum
541 1209 647 1252 Iove
671 1207 947 1268 reponetur?
979 1208 1130 1255 civiles
1156 1208 1420 1256 servatorem
1447 1207 1581 1271 agita-

308 1280 416 1324 bunt
449 1275 708 1333 seditiones)
738 1290 780 1323 et
807 1277 903 1338 post
926 1277 1137 1326 fastiditos
1163 1298 1186 1326 a
1211 1280 1371 1327 iuvene
1400 1279 1479 1326 diis
1508 1294 1582 1324 ae-

311 1369 422 1414 quos
443 1351 632 1397 honores
651 1383 664 1405 ,
697 1350 780 1395 iam
810 1351 953 1397 senem
987 1353 1254 1398 contumacis
1281 1352 1412 1398 exsilii
1437 1351 1581 1398 delec-

311 1423 417 1467 tabit
435 1421 632 1468 ambitio.
659 1421 892 1484 Nunquam
915 1423 1096 1468 deerunt
1115 1423 1186 1469 vel
1206 1422 1350 1489 felices
1367 1458 1380 1479 ,
1407 1422 1476 1468 vel
1496 1421 1582 1466 mi-

313 1496 428 1541 serae
456 1493 738 1540 solicitudinis
761 1495 933 1542 causae:
952 1513 1029 1558 per
1046 1497 1360 1558 occupationes
1380 1496 1583 1542 interclu-

313 1568 439 1613 detur
470 1566 608 1611 otium
630 1584 639 1610 :
662 1583 881 1629 nunquam
904 1585 1077 1631 agetur,
1100 1570 1267 1630 semper
1286 1568 1519 1629 optabitur.

378 1640 544 1684 XVIII.
567 1640 763 1700 Excerpe
778 1638 933 1702 ‘itaque
957 1652 998 1687 te
1020 1642 1181 1705 vulgo,
1209 1642 1398 1687 Paulline
1428 1638 1585 1685 cariffi-

315 1728 413 1769 me,
450 1723 491 1756 et
520 1709 564 1755 in
597 1709 942 1772 tranquilliorem
973 1725 1148 1773 portum
1166 1749 1178 1770 ,
1208 1730 1296 1758 non
1330 1728 1414 1774 pro
1438 1708 1584 1757 aetatis

314 1784 453 1847 spatio
474 1783 653 1829 iaciatus
669 1818 684 1840 ,
713 1784 886 1830 tandem
919 1786 1089 1832 recede.
1119 1785 1276 1847 Cogita
1301 1797 1410 1846 quot
1434 1774 1586 1829 {ludius
1638 1810 1642 1814 ·

316 1855 522 1911 subieris,
553 1867 665 1917 quot
693 1854 963 1916 tempestates
991 1856 1147 1920 partim
1169 1856 1358 1918 privatas
1384 1855 1588 1901 sustinue-

316 1928 373 1973 ris
392 1963 404 1985 ‚
438 1927 593 1988 partim
623 1926 817 1988 publicas
845 1927 889 1972 in
910 1942 951 1973 te
978 1928 1261 1975 converteris.
1281 1928 1388 1974 Satis
1405 1927 1489 1974 iam
1510 1927 1586 1989 per

315 2000 530 2058 laboriosa
557 2011 598 2044 et
621 1998 809 2059 inquieta
836 1999 1102 2045 documenta
1126 1999 1316 2045 exhibita
1345 1999 1479 2044 virtus
1495 1999 1586 2045 est:

317 2073 512 2137 experire
530 2073 635 2135 quid
658 2073 699 2118 iu
723 2074 818 2118 otio
833 2072 974 2119 faciat.
997 2074 1142 2119 Maior
1162 2090 1258 2135 pars
1277 2073 1422 2119 aetatis
1442 2108 1456 2130 ,
1473 2085 1589 2119 certe

318 2147 494 2203 melior,
516 2146 796 2206 Reipublicae
817 2145 911 2190 data
932 2145 981 2190 fit
999 2163 1008 2190 τ
1031 2145 1193 2207 aliquid
1218 2144 1428 2207 temporis
1445 2144 1506 2189 tui
1523 2143 1589 2190 su-

318 2236 388 2264 me
408 2219 536 2264 etiam
556 2218 646 2263 tibi.
668 2219 764 2264 Nec
783 2231 826 2263 te
844 2219 896 2263 ad
918 2218 1088 2281 segnem
1110 2230 1181 2264 aut
1197 2218 1376 2263 inertem
1399 2216 1587 2280 quietem

320 2310 466 2339 voco:
496 2308 584 2338 non
616 2305 660 2336 ut
692 2290 876 2349 somno,
905 2305 946 2338 et
967 2292 1075 2339 caris
1101 2282 1249 2338 turbae
1270 2290 1588 2352 voluptatibus,

320 2363 532 2427 quidquid
552 2363 610 2410 est
630 2365 674 2410 in
703 2377 744 2411 te
771 2364 929 2412 indolis
949 2366 1104 2423 vivae,
1134 2365 1368 2426 demergas.
1398 2362 1502 2408 Non
1529 2361 1590 2407 est

320 2435 433 2481 istud
471 2436 754 2498 acquiescere.
788 2436 986 2484 invenies
1017 2431 1181 2482 maiora
1217 2433 1421 2480 omnibus
1447 2432 1589 2496 adhuc

320 2508 486 2557 strenue
508 2511 690 2558 traCtatis
716 2511 953 2574 operibus,
988 2528 1097 2575 quae
1139 2507 1344 2576 repositus
1365 2526 1408 2558 et
1426 2510 1594 2558 securus
