1742 2967
292 171 352 220 88
517 172 564 219 L.
615 170 903 218 ANNAEI
951 169 1304 218 SENECAE

353 276 413 322 X.
449 275 730 333 Diffimulas,
760 275 924 338 inquit,
960 275 1064 338 quid
1096 292 1121 321 a
1152 291 1222 322 me
1258 274 1438 323 dicatur.
1474 291 1560 340 ego

290 349 407 395 enim
435 367 547 413 nego
574 367 837 413 quemquam
865 350 983 411 poss'e
1008 349 1194 395 iucunde
1214 350 1392 407 vivere,
1417 349 1492 395 nifi
1516 350 1561 395 fi-

289 422 382 467 mul
409 433 450 467 et
479 421 657 467 honeste
683 420 833 468 vivat:
857 422 980 483 quod
1004 438 1095 468 non
1120 422 1261 484 potest
1293 423 1422 468 mutis
1449 438 1560 468 con-

290 495 459 558 tingere
488 494 740 540 animalibus
759 530 772 552 ,
796 512 876 542 nec
905 495 1073 541 bonum
1096 496 1218 542 suum
1248 496 1352 542 cibo
1376 496 1565 542 metien-'

289 568 417 614 tibus.
445 569 597 622 Clare,
626 568 802 629 inquam
820 603 833 625 ,
859 585 908 613 ac
936 569 1078 630 palam
1106 569 1264 624 testor,
1291 570 1402 615 hanc
1423 569 1563 615 vitam

289 656 420 702 quam
445 656 527 701 ego
559 640 793 686 iucundam
822 656 968 698 νοςο,
995 657 1086 687 non
1116 640 1202 688 fine
1228 642 1392 687 adieEta
1423 641 1564 688 virtu-

290 724 334 758 te
363 713 629 774 contingere.
659 715 717 756 At
739 712 836 774 quis
860 712 1058 776 ignorat,
1082 713 1349 775 plenissimos
1377 713 1461 759 effe
1479 729 1565 760 vo·

289 783 522 845 luptatibus
542 783 694 830 vestris
712 783 975 831 stultissimos
996 801 1195 848 quosque
1220 786 1237 832 ἓ
1270 799 1312 832 et
1330 785 1566 849 nequitiam

292 855 510 901 abundare
537 855 734 903 iucundis
754 891 766 912 ,
796 857 1080 920 animumque
1104 857 1245 919 ipsum
1277 874 1365 903 non
1397 869 1564 903 tantum

291 945 451 992 genera
468 929 704 990 voluptatis
724 945 880 991 prava,
899 930 970 978 sed
988 931 1122 976 multa
1142 929 1396 992 suggerere?
1419 933 1462 976 ln
1485 930 1569 991 pri-

293 1000 374 1046 mis
393 1001 665 1047 insolentiam
684 1014 726 1047 et
746 1003 922 1048 nimiam
941 1003 1282 1050 aestimationem
1307 1004 1367 1050 sui
1384 1040 1398 1060 ,
1418 1017 1569 1050 tumo-

292 1091 474 1137 remque
497 1075 654 1122 elatum
676 1075 804 1138 supra
825 1089 993 1122 ceteros
1009 1112 1021 1134 ,
1040 1092 1084 1123 et
1103 1093 1298 1122 amorem
1318 1095 1461 1123 rerum
1483 1077 1571 1124 sua-

295 1165 392 1194 rum
421 1165 597 1194 caecum
631 1161 673 1194 et
701 1150 1036 1211 improvidum:
1070 1150 1245 1196 delicias
1275 1149 1480 1207 fluentes,
1515 1166 1571 1196 ex

294 1221 487 1268 minimis
512 1238 561 1268 ac
588 1222 824 1283 puerilibus
843 1222 978 1269 caulis
1007 1221 1364 1278 exsultationem3
1392 1223 1475 1269 iam
1506 1223 1574 1269 di-

296 1295 546 1349 cacitatem,
570 1306 612 1340 et
632 1294 872 1356 superbiam
895 1293 1171 1340 contumeliis
1198 1296 1482 1356 gaudentem,
1502 1295 1575 1340 de-

297 1370 473 1426 fidiam,
503 1369 914 1430 dissolutionemque
946 1367 1082 1431 segnis
1106 1367 1239 1413 animi
1270 1367 1575 1415 indormientis

298 1443 391 1489 fibi.
423 1445 545 1490 Haec
571 1443 722 1488 omnia
739 1443 876 1490 virtus
902 1440 1096 1495 discutit,
1114 1453 1164 1505 >et
1181 1458 1327 1486 aui-em
1348 1441 1576 1502 pervellit,

300 1527 345 1561 et
368 1514 620 1576 voluptates
638 1513 831 1559 aestimat
844 1546 858 1568 ,
878 1524 1106 1572 antequam
1126 1510 1348 1556 admittat:
1373 1528 1452 1556 nec
1471 1522 1577 1571 quas

290 1588 534 1652 probavit,
561 1588 895 1653 magnipendit,
928 1586 1103 1650 (utique
1123 1584 1240 1630 enim
1258 1583 1469 1642 admittit)
1497 1598 1576 1629 nec

300 1666 378 1712 usu
397 1680 543 1712 earum
557 1701 571 1723 ‚
591 1664 662 1711 sed
682 1662 968 1724 temperantia
985 1660 1092 1706 laeta
1113 1657 1185 1704 est.
1206 1655 1489 1717 temperantia
1508 1671 1579 1700 au-

302 1747 389 1780 tem
421 1753 521 1782 cum
550 1735 794 1796 voluptates
817 1733 1004 1788 minuat,
1030 1728 1186 1776 summi
1213 1729 1318 1774 boni
1335 1727 1489 1773 iniuria
1505 1726 1580 1774 est.

302 1809 373 1854 Tu
394 1808 666 1869 voluptatem
685 1803 1014 1867 complefi‘t'eris:
1043 1818 1127 1865 ego
1152 1802 1401 1862 compesco.
1428 1815 1474 1846 tu
1499 1815 1578 1845 vo·

304 1880 468 1941 luptate
501 1878 658 1924 frueris
679 1895 690 1923 z
713 1894 797 1941 ego
823 1889 933 1922 utor.
956 1887 1001 1920 tu
1025 1874 1138 1920 illam
1167 1874 1382 1918 summum
1410 1872 1578 1916 bonum

307 1963 430 2013 putas
456 1967 466 1994 ε
492 1966 578 2012 ego
607 1965 686 1994 nec
715 1950 896 1994 bonum.
925 1960 973 1993 tu
1001 1943 1150 1991 omnia
1181 1942 1416 2003 voluptatis
1453 1940 1580 1987 causa

309 2024 413 2070 facis
432 2041 442 2068 :
465 2040 547 2085 ego
568 2023 687 2068 nihil.
709 2023 823 2069 Cum
850 2021 977 2077 dico,
1006 2036 1076 2065 me
1096 2016 1200 2063 nihil
1220 2014 1458 2077 voluptatis
1478 2028 1581 2059 cau-

310 2098 352 2145 sa
379 2098 541 2154 facer-e,
571 2097 624 2142 de
644 2096 719 2143 ‘1110
743 2098 905 2161 loquor
929 2093 1140 2157 sapiente,
1169 2088 1239 2136 cui
1264 2088 1344 2135 soli
1373 2084 1581 2136 concedis

313 2172 599 2231 voluptatem.

378 2245 455 2290 Xt.
473 2244 577 2288 Non
596 2255 717 2289 voco
737 2252 879 2285 autem
897 2234 1150 2299 sapientem,
1168 2233 1292 2295 supra
1311 2249 1442 2296 quem
1463 2230 1583 2294 quid-

315 2333 444 2380 quam
474 2316 563 2369 est,
596 2315 755 2360 nedum
786 2313 1002 2373 voluptas,
1039 2308 1175 2372 Atqui
1205 2309 1259 2354 ab
1285 2309 1365 2354 hac
1391 2320 1582 2366 occupa-

315 2401 382 2437 tus
408 2387 640 2450 quomodo
676 2384 836 2432 resistet
874 2384 1033 2440 labori,
1061 2398 1110 2428 ac
1133 2380 1359 2444 periculo,
1385 2375 1583 2440 egestati,

315 2474 359 2511 et
394 2475 461 2510 tot
498 2461 731 2508 humanam
766 2459 902 2509 vitam
937 2452 1389 2518 circumstrepentibus
1418 2446 1582 2497 minis?
