1742 2967
295 180 299 181 ’
362 196 464 244 DE
504 194 947 242 BENEFICIIS
996 194 1128 241 ΜΒ.
1175 196 1232 242 ν.
1355 196 1443 256 263

169 300 313 359 titur,
344 317 436 365 quo
459 300 722 349 beneficium
755 301 809 348 ab
833 318 888 348 eo
919 301 988 347 cui
1017 301 1164 347 datum
1197 300 1286 358 est,
1312 302 1447 347 trans-

168 374 331 421 feratur
350 406 365 430 ,
400 374 474 421 sed
501 374 578 420 ubi
614 375 762 436 primo
795 375 1050 421 coliocetur.
1081 391 1103 419 a
1132 390 1211 419 reo
1244 373 1321 419 tibi
1350 373 1448 435 ipso

169 456 212 491 et
238 463 262 491 a
289 445 432 507 capite
461 444 665 507 repetitio
697 444 772 493 est.
815 445 939 506 Quid
964 448 1103 508 ergo?
1136 460 1222 490 oro
1250 458 1292 490 te
1310 479 1323 501 ‚
1354 460 1447 490 non

169 516 304 575 diciS,
332 517 489 565 Filium
520 516 628 563 mihi
653 516 848 575 donasti,
868 530 910 563 et
936 518 963 562 si
984 518 1055 564 hic
1081 515 1280 580 perisset,
1305 515 1449 563 visiu-

169 606 242 636 rus
272 608 362 638 non
388 589 490 636 fui?
516 605 602 652 pro
631 589 721 636 eius
748 589 841 636 vita
870 588 1131 636 beneficium
1157 605 1248 634 non
1279 588 1411 633 debes
1430 623 1444 646 ‚

168 661 292 710 cuius
327 662 461 710 vitam
493 673 592 708 tuae
626 660 851 722 praefers?
901 660 1148 707 Etiamnum
1180 676 1278 706 cum
1306 657 1445 704 filium

168 742 288 780 tuum
318 732 517 789 servavi,
547 733 600 777 ad
624 748 762 794 genua
791 732 1078 794 procumbis,
1105 732 1189 778 diis
1216 742 1321 779 vota
1354 728 1444 775 sol-

168 805 257 862 vis,
281 818 485 869 tanquam
510 803 601 866 ipse
627 804 832 850 servatus.
865 802 964 849 mae
997 819 1130 850 voces
1155 815 1316 850 exeunt
1330 800 1445 847 ribi:

167 877 291 924 Nihil
318 876 522 933 interest,
555 892 651 922 mea
680 892 735 921 an
772 891 841 921 me
871 874 1127 923 servaveris.
1159 877 1270 922 duos
1300 874 1448 920 serva-

168 951 218 998 sti
249 970 261 998 e
289 951 428 998 immo
454 966 525 997 me
550 950 700 1013 magis.
748 951 898 1010 Quare
925 947 1003 995 ista
1027 949 1162 1008 dicis,
1194 948 1224 995 fi
1254 965 1343 994 non
1372 964 1447 995 ac-

169 1025 276 1087 cipis
306 1022 605 1071 beneficium?
640 1022 742 1085 quia
777 1033 819 1067 et
850 1020 879 1065 fi
909 1019 1021 1067 filius
1055 1037 1178 1067 meus
1215 1019 1447 1083 pecuniam

168 1110 362 1143 mutuam
388 1095 614 1153 sumserit,
641 1093 853 1141 creditori
873 1093 1117 1140 numerabo
1135 1129 1150 1150 ‚
1180 1109 1270 1139 non
1299 1104 1446 1139 tamen

167 1170 270 1216 ideo
289 1185 372 1232 ego
403 1168 625 1215 debuero:
659 1167 760 1230 quia
782 1181 825 1213 et
852 1165 881 1211 fi
905 1165 1022 1212 filius
1055 1183 1177 1213 meus
1209 1166 1253 1211 in
1284 1166 1452 1211 adulte·

168 1242 237 1289 rio
262 1240 550 1304 deprehensus
578 1239 684 1297 erit,
713 1239 960 1286 erubescam
977 1273 990 1295 ,
1028 1255 1119 1284 non
1144 1238 1246 1283 ideo
1267 1254 1350 1300 ego
1368 1254 1450 1284 ero

168 1314 351 1361 adulter.
380 1314 502 1360 Dico
523 1329 593 1358 me
614 1312 695 1358 tibi
713 1312 954 1373 obligatum
984 1326 1065 1372 pro
1089 1309 1204 1367 filio,
1229 1326 1321 1356 non
1349 1310 1455 1372 quia-

169 1388 260 1434 sum
277 1422 290 1443 ‚
319 1385 391 1434 sed
419 1387 520 1449 quia
553 1386 663 1433 volo
694 1402 764 1431 me
792 1383 953 1430 offerre
981 1383 1059 1429 tibi
1087 1383 1332 1429 debitorem
1363 1398 1451 1430 vo-

170 1461 420 1508 luntarium.
447 1464 505 1505 At
531 1459 734 1522 pervenit
760 1457 812 1503 ad
834 1473 903 1502 me
935 1457 1101 1502 summa
1130 1472 1185 1501 ex
1212 1453 1451 1502 incolumi-

170 1545 254 1580 tate
283 1533 375 1579 eius
402 1532 632 1593 voluptas,
663 1529 832 1577 stimma
859 1528 1036 1586 utilitas,
1057 1539 1100 1575 et
1127 1526 1327 1574 orbitatis
1354 1542 1452 1590 gra·-

169 1606 388 1653 viffimum
410 1606 568 1652 vulnus
585 1602 732 1665 effugi.
752 1603 858 1648 Non
882 1599 1101 1665 quaeritur
1119 1616 1250 1654 nunc,
1269 1616 1321 1645 an
1341 1615 1451 1661 pro.-

172 1678 304 1724 fueris
331 1676 439 1723 mihi
456 1711 469 1734 ‚
489 1675 560 1722 sed
581 1692 634 1720 an
650 1672 912 1720 beneficium
935 1673 1116 1719 dederis.
1138 1670 1317 1734 prodest*
1331 1671 1452 1718 enim

170 1764 213 1797 et
232 1748 417 1805 animal,
446 1758 489 1794 et
516 1745 645 1808 lapis,
670 1758 714 1792 et
734 1740 865 1791 herba
888 1762 901 1791 ε
921 1760 1000 1790 nec
1026 1756 1171 1791 tamen
1190 1741 1452 1788 beneficium

173 1823 297 1879 dant,
323 1821 445 1884 quod
473 1835 694 1881 nunquam
725 1818 875 1872 datur,
901 1816 979 1863 nifi
1002 1833 1026 1862 a
1047 1815 1238 1863 volente.
1287 1816 1360 1861 Tu
1380 1832 1456 1862 au-

174 1907 258 1941 tem
279 1910 370 1939 non
391 1893 457 1939 vis
476 1892 582 1955 parri
596 1925 608 1945 ,
637 1891 706 1937 sed
725 1889 816 1935 fiiis,
838 1890 938 1935 dare
958 1906 968 1934 :
990 1902 1033 1935 et
1053 1888 1227 1934 interim
1244 1922 1258 1946 ‚
1275 1904 1328 1934 ne
1345 1888 1457 1934 nosti

174 1967 351 2031 quidem
380 1979 560 2029 patrem.
591 1967 736 2024 ltaque
767 1979 868 2010 cum
899 1961 1082 2018 dixeris,
1107 1960 1220 2006 Patr-i
1249 1975 1356 2022 ergo
1377 1960 1450 2004 be-

174 2039 380 2087 neficium.
398 2056 490 2086 non
508 2038 634 2094 dedi,
664 2036 802 2083 filium
821 2035 915 2082 eius
933 2034 1178 2081 servando?
1204 2044 1355 2079 contra
1375 2048 1455 2093 op-

175 2131 315 2178 pone,
346 2114 462 2159 Patri
495 2129 603 2175 ergo
635 2109 900 2157 beneficium
930 2109 1060 2165 dedi,
1093 2124 1224 2171 quem
1254 2122 1343 2152 non
1376 2122 1458 2152 no-

174 2189 253 2246 vi,
287 2204 421 2251 quem
456 2203 545 2233 non
581 2185 810 2248 cogitavi?
849 2185 902 2229 Et
932 2183 1039 2246 quid
1071 2183 1199 2245 quod·
1225 2180 1460 2243 aliquando

179 2261 353 2316 evenit,
380 2274 427 2306 ut
448 2271 613 2322 patrem
635 2257 781 2304 oderis
800 2293 812 2313 ‚
833 2255 969 2302 filium
996 2255 1140 2302 serves
1166 2273 1176 2300 :
1199 2252 1461 2300 beneficium

172 2335 212 2382 ei
243 2334 462 2380 videberis
497 2331 690 2387 dediffe5
735 2331 807 2376 cui
843 2341 948 2376 tunc
988 2326 1305 2374 inimicissimus
1339 2342 1462 2380 eras,

175 2423 272 2453 cum
306 2406 464 2452 dares?
490 2405 572 2450 Sed
599 2419 646 2451 ut
676 2403 953 2466 dialogorum
989 2398 1270 2447 altercatione
1304 2398 1463 2460 seposi-

171 2492 239 2539 ta,
266 2492 468 2543 tanquam
492 2477 818 2526 iurisconsultus
855 2474 1141 2537 respondeam
1158 2488 1317 2528 ,mens
1336 2471 1461 2535 spec-

1107 2540 1144 2584 R
1180 2552 1209 2595 4
