1742 2967
409 186 563 269 'DE
612 225 803 272 VITA
855 222 1125 275 ΒΕΑΤΑ.
1369 233 1423 291 83

167 329 245 375 alia
262 331 327 375 res
346 329 522 386 tribuit,
540 348 666 394 quam
687 331 886 380 fortunae
906 334 1175 398 negligentia.
1195 337 1309 382 Tum
1326 332 1431 384 illud

168 402 334 448 orietur
362 402 666 449 inaestimabile
693 405 857 451 bonum
880 442 893 464 ,
928 407 1049 468 quies
1077 408 1230 453 mentis
1265 410 1307 454 in
1334 422 1432 456 tuto

169 475 433 532 collocatae,
463 487 505 522 et
523 474 755 522 sublimitas
774 495 786 531 ;
805 477 1072 541 expulsisque
1091 481 1355 539 terroribus,
1381 501 1434 529 ex

170 544 422 608 cognitione
445 545 536 592 veri
571 547 773 608 gaudium
807 548 967 610 grande
999 560 1039 593 et
1063 548 1323 609 immotum,
1356 570 1435 599 co·-

171 617 380 680 mitasque
405 629 447 663 et
464 616 634 664 diffusio
659 618 788 664 animi
811 638 820 664 :
853 620 1009 681 quibus
1038 620 1316 668 delectabitur
1344 640 1433 670 non

172 701 219 734 ut
237 690 390 747 bonis,
419 690 490 736 sed
513 706 560 737 ut
577 708 631 736 ex
651 691 773 736 bono
799 691 875 737 suo
895 692 1014 737 ortis.
1035 693 1256 752 Quoniam
1278 696 1435 742 libera-

172 760 270 807 liter
291 778 416 825 agere
440 762 592 824 coepi,
611 762 751 824 potest
776 763 926 809 beatus
946 763 1028 810 dici
1046 800 1057 819 ,
1080 765 1153 826 qui
1180 782 1260 812 nec
1285 770 1403 830 cupit
1418 800 1433 825 ‚

173 848 254 879 nec
271 833 395 880 timet
411 871 425 891 ,
439 833 654 881 beneficio
673 834 864 881 rationis.
884 836 1106 894 Quoniam
1128 850 1170 883 et
1190 838 1284 884 saxa
1305 841 1437 887 timo·

174 920 222 950 re
249 920 293 952 et
315 904 484 951 tristitia
505 918 674 963 carent,
696 922 773 952 nec
800 907 940 952 minus
969 907 1154 968 pecudes
1181 926 1191 953 ε
1219 926 1307 954 non
1335 911 1436 957 ideo

174 990 319 1027 tamen
341 978 566 1041 quisquam
594 977 732 1024 felicia
755 978 934 1034 dixerit,
958 978 1115 1040 quibus
1144 997 1233 1024 non
1259 981 1317 1027 est
1342 982 1452 1029 feli*

174 1049 312 1097 citatis
337 1049 585 1097 intellefihts.
608 1050 774 1095 Eodem
799 1050 903 1096 loco
929 1066 1046 1111 pone
1073 1051 1301 1109 homines,
1328 1072 1438 1117 quos

175 1123 224 1170 in'
252 1140 478 1170 numerum
512 1140 722 1185 pecorum
758 1135 800 1170 et
833 1124 1078 1169 animalium
1113 1127 1279 1189 redegit
1310 1130 1440 1178 hebes

177 1207 354 1252 natura,
378 1208 421 1241 et
444 1195 663 1258 ignoratio
685 1195 761 1241 sui.
786 1196 904 1241 Nihil
933 1196 1105 1243 interest
1133 1198 1245 1244 inter
1268 1201 1348 1247 hos
1364 1238 1376 1259 ,
1395 1217 1439 1249 et

178 1266 247 1314 illa
265 1284 275 1313 ε
295 1266 501 1329 quoniam
529 1268 607 1314 illis
626 1268 738 1313 nulla
769 1269 879 1313 rano
899 1269 981 1324 est,
1001 1269 1066 1315 his
1090 1287 1242 1330 prava,
1262 1287 1304 1318 et
1324 1275 1440 1321 malo

179 1339 256 1386 suo
288 1353 415 1400 atque
442 1339 486 1383 in
520 1339 769 1400 perversum
802 1339 945 1385 solers.
975 1340 1127 1386 Beatus
1162 1343 1276 1387 enim
1308 1360 1440 1391 nemo

179 1411 266 1458 dici
302 1410 471 1476 potest,
502 1425 622 1457 extra
653 1411 878 1457 veritatem
918 1411 1145 1473 proiefiffls.
1187 1414 1306 1462 beata
1337 1433 1443 1480 ergo

182 1487 269 1532 vita
284 1484 343 1531 est
359 1520 371 1541 ‚
394 1486 438 1529 in
458 1487 574 1531 recto
589 1497 795 1548 certoque
813 1485 975 1531 iudicio
994 1486 1171 1533 stabilita
1187 1524 1199 1544 ‚
1224 1503 1265 1535 et
1283 1491 1443 1538 immu-

182 1557 335 1603 tablis.
358 1557 486 1602 Tunc
505 1556 620 1602 enim
639 1573 745 1618 pura
766 1572 886 1602 niens
911 1556 993 1613 est,
1025 1569 1067 1603 et
1085 1559 1220 1604 soluta
1241 1562 1445 1608 omnibus

185 1631 334 1683 malis,
362 1646 458 1675 cum
484 1646 573 1675 non
593 1642 756 1675 tantum
779 1629 1080 1687 lacerationes,
1110 1631 1179 1676 sed
1199 1632 1325 1678 etiam
1347 1634 1445 1680 vel-

184 1701 408 1751 licationes
429 1700 623 1765 effugerit
644 1719 654 1747 :
677 1701 830 1747 statura
858 1702 1025 1764 semper
1049 1704 1123 1750 ubi
1150 1705 1365 1762 constitit,
1396 1723 1446 1753 ac

185 1776 328 1836 spdem
357 1777 473 1822 suam
500 1777 629 1823 etiam
652 1776 758 1825 irata
783 1792 825 1822 et
854 1776 1075 1824 infestante
1100 1777 1273 1824 fortuna
1300 1780 1447 1826 vindi-⁴

186 1862 344 1899 catura.
363 1851 475 1897 Nam
496 1850 618 1913 quod
637 1851 690 1896 ad
711 1850 980 1913 voluptatem
1004 1851 1206 1913 pertinet,
1237 1852 1336 1900 licet
1363 1854 1450 1899 cir-

188 1921 496 1970 cumfundatur
525 1922 741 1985 undique,
761 1939 838 1985 per
856 1938 1008 1969 omnes
1038 1923 1127 1970 vias
1154 1922 1334 1983 influat,
1355 1927 1451 1972 ani-

189 2011 399 2058 mumque
431 1994 732 2043 blandimentis
769 1994 849 2040 suis
885 1994 1037 2051 leniat,
1067 1996 1233 2058 aliaque
1271 2015 1324 2043 ex
1360 1999 1453 2045 aliis

189 2067 447 2125 admoveat,
477 2066 629 2129 quibus
665 2078 783 2113 totos
815 2066 1040 2130 partesque
1068 2069 1202 2115 nostri
1228 2071 1452 2119 sollicitet:

191 2138 289 2202 quis
317 2139 593 2195 mortalium,
620 2141 689 2186 cui
720 2140 854 2188 ullum
888 2141 1075 2202 superest
1098 2143 1287 2191 hominis
1318 2144 1452 2192 vesti-

192 2211 326 2274 gium,
340 2227 417 2271 per
435 2211 548 2256 diem
570 2213 830 2271 noctemque
850 2212 1010 2258 titillari
1028 2213 1159 2273 velit,
1179 2216 1344 2264 deserto
1358 2216 1454 2264 ani-⁵

193 2298 270 2329 mo
290 2318 304 2338 ‚
332 2283 510 2345 corpori
530 2298 707 2345 operam
732 2284 863 2329 dare?

259 2357 334 2401 VI.
360 2356 442 2400 Sed
460 2367 501 2400 et
521 2356 687 2402 animus
710 2373 886 2418 quoque
902 2393 914 2414 ‚
933 2356 1072 2419 inquit
1085 2394 1097 2415 ‚
1117 2359 1362 2422 voluptates
1380 2361 1459 2408 ha-

193 2423 311 2471 bebit
323 2424 425 2471 suas.
446 2425 612 2472 Habeat
632 2427 745 2481 sane,
763 2429 970 2490 cedatque
991 2429 1184 2476 luxuriae
1202 2445 1245 2477 et
1263 2431 1456 2494 volupta-

193 2507 285 2544 tum
306 2497 490 2555 arbiter,
509 2499 685 2562 impleat
713 2500 754 2547 se
777 2501 981 2549 omnibus
1000 2501 1086 2561 eis,
1108 2520 1219 2613 (grae
1243 2505 1460 2553 oble&are

1184 2586 1208 2615 2.
1235 2600 1239 2608 .
