1742 2967
283 215 369 275 136
537 214 587 260 L.
629 213 930 260 ANNAEI
979 214 1340 262 SENECAE

273 337 440 369 munus
467 337 478 365 t
505 332 549 368 et
569 320 670 384 quia
697 321 752 367 de
784 332 864 366 tuo
897 337 988 367 non
1012 321 1217 384 pofl'um,
1237 324 1290 369 de
1310 338 1412 369 meo
1439 323 1572 370 dabo.

279 395 439 457 Neque
456 393 517 440 est
540 394 661 457 quod
682 393 900 440 existimes
926 394 1050 439 illum
1071 395 1203 441 vilem
1224 396 1300 442 fibi
1324 396 1469 455 fuiffe,
1493 398 1572 462 qui

278 469 471 530 pretium
498 468 538 514 se
566 467 627 513 sui
652 466 781 513 fecit:
814 467 1066 528 ingeniosus
1094 469 1342 517 adolescens
1371 471 1574 530 invenit,

278 542 658 604 quemadmodum
675 544 902 587 Socratem
918 541 993 587 fibi
1009 542 1141 589 daret.
1157 544 1261 589 Non
1275 545 1425 608 quanti
1440 562 1572 606 quae-

279 632 363 678 que
384 615 463 662 sint
478 648 492 669 ‚
514 614 585 661 sed
606 632 628 661 a
648 614 767 678 quali
788 616 947 662 dentur
961 651 974 672 ‚
996 615 1359 678 perspiciendum.
1378 619 1572 665 Callidus

281 705 371 734 non
411 689 635 735 difficilem
672 689 839 735 aditum
875 689 1052 750 praebet
1081 689 1324 736 immodica
1354 691 1573 753 cupienti-

279 760 385 807 bus:
418 761 598 823 spesque
627 761 854 822 improbas
872 796 884 817 ‚
916 758 1025 806 nihil
1052 777 1098 807 re
1134 762 1359 809 adiuturus
1381 799 1395 818 ,
1424 765 1571 811 verbis

280 832 423 880 fovet.
455 836 510 879 At
547 833 702 894 peior,
735 833 927 894 opinor,
963 831 1038 895 qui
1070 833 1214 896 lingua
1251 835 1405 896 asper,
1446 837 1573 884 vultu

280 906 456 966 gravis,
490 922 591 950 cum
620 904 787 951 invidia
809 904 1033 951 fortunam
1056 905 1172 951 suam
1203 907 1450 967 explicavit.
1477 909 1572 954 Co-

281 975 376 1021 lunt
397 976 512 1021 enim
534 1012 547 1031 ‚
567 976 916 1037 detestanturque
945 975 1115 1022 felicem
1135 1004 1151 1030 ς
1176 989 1244 1032 et,
1266 976 1295 1022 si
1317 980 1539 1036 potuerint
1559 1014 1573 1035 ‚

279 1049 431 1094 ead-em
457 1048 609 1094 facturi
637 1049 771 1095 odere
800 1048 1045 1095 facientem.
1067 1051 1092 1072 ⁴*
1116 1050 1393 1112 Coniugibus
1424 1052 1572 1098 alienis

279 1138 363 1168 nec
397 1123 506 1169 clam
534 1123 738 1186 quidam,
768 1123 839 1168 sed
863 1137 1010 1185 aperte
1039 1123 1232 1169 ludibrio
1264 1125 1445 1182 habitis,
1479 1125 1572 1172 suas

282 1194 376 1241 aliis
394 1196 643 1256 permisere.
670 1195 896 1253 Rusticus,
920 1197 1186 1251 inurbanus,
1210 1214 1260 1243 ac
1284 1199 1385 1244 mali
1410 1200 1572 1258 moris,

280 1277 322 1312 et
348 1268 461 1312 inter
495 1281 716 1313 matronas
747 1267 1038 1317 abominanda
1059 1267 1258 1314 conditio
1293 1269 1380 1327 est,
1414 1271 1444 1316 st
1476 1271 1575 1333 quis

283 1339 519 1401 coniugem
541 1339 585 1384 in
617 1339 715 1386 sella
742 1338 933 1401 prostare
957 1341 1124 1396 vetuit,
1155 1354 1197 1386 et
1218 1342 1354 1402 vulgo
1383 1343 1574 1389 admistis

281 1411 596 1475 inspecioribus
614 1412 715 1458 vehi
737 1413 933 1476 undique
956 1413 1243 1476 perspicuam.
1275 1416 1318 1461 Si
1345 1417 1441 1478 quis
1461 1417 1574 1463 nulla

284 1484 326 1531 se
363 1484 500 1530 amica
538 1483 644 1532 fecit
679 1484 918 1548 in'fignem,
956 1503 1035 1533 nec
1068 1487 1230 1533 alienae
1264 1490 1393 1534 uxori
1429 1506 1575 1536 annua

281 1557 499 1620 praestat,
526 1557 644 1603 hunc
665 1572 891 1604 matronae
920 1559 1130 1605 humilem
1148 1591 1162 1612 ‚
1185 1572 1224 1605 et
1244 1558 1443 1607 sordidae
1473 1561 1575 1607 libi-

283 1631 424 1687 dinis,
456 1646 498 1677 et
526 1631 841 1677 ancillariolum
876 1644 1052 1678 vocant.
1080 1633 1195 1678 Hinc
1227 1633 1574 1680 decentiffimum

282 1703 602 1764 sponsaliorum
637 1720 802 1767 genus,
828 1703 1088 1751 adulterium
1108 1722 1118 1750 τ
1140 1716 1185 1750 et
1204 1704 1247 1751 in
1268 1706 1480 1753 consensu
1502 1707 1575 1752 vi-

284 1777 362 1822 dui
387 1776 649 1830 coelibatus,
671 1792 803 1822 nemo
829 1793 1015 1823 uxorem
1048 1777 1197 1835 duxit,
1230 1777 1304 1824 nisi
1341 1779 1414 1842 qui
1433 1779 1573 1825 abdu-

286 1847 363 1893 xit.
387 1851 475 1893 lam
502 1861 622 1912 rapta
643 1849 862 1911 spargere,
885 1848 1025 1910 sparsa
1056 1851 1203 1912 rapaci
1225 1851 1404 1897 avaritia
1433 1851 1575 1897 recol-

287 1920 424 1982 ligere
445 1934 643 1967 certant:
664 1920 770 1966 nihil
796 1921 912 1983 penfi
934 1922 1115 1977 habere,
1142 1937 1440 1985 paupertatem
1467 1924 1573 1970 alie-

288 2008 389 2038 nam
416 2004 700 2038 contemnere
722 2024 735 2046 ‚
760 1991 876 2037 suam
897 1992 1075 2049 timere,
1108 1995 1277 2040 nullum
1297 1994 1414 2040 aliud
1430 1996 1575 2042 vereri

289 2067 486 2112 malum:
521 2082 674 2128 pacem
697 2065 867 2112 iniuriis
895 2067 1173 2128 perturbare,
1200 2068 1507 2116 imbecilliores
1528 2069 1574 2116 vi

288 2154 340 2184 ac
361 2152 483 2184 metu
502 2154 716 2200 premere.
737 2138 851 2184 Nam
884 2139 1138 2200 provincias
1160 2138 1364 2202 spoliari,
1387 2153 1430 2187 et
1446 2158 1576 2188 num-

290 2211 478 2257 marium
509 2211 725 2266 tribunal,
754 2211 901 2258 audita
921 2214 1145 2277 utrimque
1172 2213 1433 2270 licitatione,
1452 2215 1575 2263 alteri

290 2284 466 2341 addici,
496 2301 588 2331 non
613 2285 778 2331 mirum
799 2303 810 2331 ι
833 2287 1012 2349 quando
1030 2303 1143 2351 quae
1169 2288 1354 2345 emeris,
1381 2289 1581 2337 vendere.

291 2358 481 2421 gentium
504 2359 569 2404 ius
594 2358 667 2405 est.

357 2431 415 2475 X.
448 2430 530 2476 Sed
558 2431 735 2496 longius
763 2448 844 2479 nos
877 2431 1067 2495 impetus
1097 2433 1269 2491 evehit,
1300 2445 1575 2496 provocante

293 2502 484 2552 materia.
498 2505 648 2568 Itaque
662 2505 721 2554 fic
740 2504 961 2566 finiamus,
978 2521 1033 2553 ne
1049 2506 1095 2553 in
1111 2504 1264 2554 nostro
1281 2505 1427 2555 seculo
1446 2505 1573 2570 culpa
