1742 2967
366 203 469 251 DE
518 205 1131 273 BENEFICMSJAB.
1182 209 1236 254 V.
1357 224 1445 271 257

162 310 263 375 quia
291 311 344 358 ad
375 311 670 358 occidendum
692 312 776 357 iarn
803 326 988 360 armatus
1015 313 1102 371 est,
1127 326 1168 360 et
1191 314 1320 362 habet
1347 316 1449 378 spo-

163 386 298 433 liandi
329 397 460 448 atque
493 385 782 432 interficiendi
815 388 1104 433 voluntatem.
1140 391 1376 436 Exercetur
1406 403 1449 438 et

164 455 356 516 aperitur
386 472 522 517 opere
555 456 782 519 nequitia,
816 473 906 502 non
944 457 1110 520 incipit.
1152 458 1294 520 Ipsum
1325 462 1450 523 quod

165 527 355 590 accepit,
379 526 642 574 beneficium
673 545 763 575 non
788 541 899 586 erat,
926 529 999 576 sed
1025 531 1280 577 vocabatur.
1308 533 1449 579 Sacri·-

166 600 250 664 legi
270 601 374 645 dant
397 617 579 663 poenas,
613 601 819 664 quamvis
848 617 983 646 nemo
1000 618 1137 664 usque
1160 603 1215 648 ad
1235 604 1341 650 deos
1362 621 1451 650 ma-

154 690 249 728 *nus
278 672 485 736 porrigat.
533 675 812 734 Quomodo,
848 675 991 738 inquit
1010 710 1023 731 ‚
1058 676 1261 722 adversus
1289 677 1451 723 malum

167 747 359 808 ingratus
390 745 451 791 est
480 746 710 809 quisquam
730 779 743 800 ,
781 763 880 793 cum
917 747 1034 792 malo
1068 747 1159 793 dari
1190 748 1452 796 beneficium

169 834 261 864 non
292 818 453 880 poffit?
476 821 537 864 Ea
563 818 725 865 scilicet
747 819 938 874 ratione,
969 818 1073 881 quia
1102 820 1272 882 accepit
1297 822 1351 867 ab
1377 822 1454 869 illo
1514 851 1515 854 =

170 889 333 951 aliquid
351 906 403 935 ex
425 888 515 948 his,
533 908 644 953 quae
665 891 782 953 apud
806 891 1034 953 imperitos
1057 892 1173 938 bona
1197 893 1292 938 sunt
1313 911 1323 939 :
1344 910 1453 956 quo·

170 977 270 1007 rum
295 962 324 1006 fi
346 962 469 1007 malis
494 962 622 1025 copia
651 962 740 1019 est,
769 962 860 1024 ipse
887 979 1064 1026 quoque
1084 963 1129 1009 in
1158 963 1285 1010 simili
1313 980 1452 1011 mate—

86 1075 115 1100 Ι.
170 1034 234 1081 ria
264 1049 410 1099 gratus
439 1035 524 1082 effe
556 1036 763 1083 debebit:
795 1049 840 1083 et
865 1035 938 1081 illa
972 1036 1293 1101 qualiacunque
1326 1038 1454 1096 sunt,

172 1127 271 1158 cum
305 1127 387 1173 pro
417 1111 545 1158 bonis
578 1111 821 1174 acceperit,
853 1128 936 1174 pro
970 1112 1099 1159 bonis
1129 1114 1324 1162 reddere.
1367 1119 1456 1164 Aes

172 1185 359 1232 alienum
387 1186 546 1234 habere
570 1187 758 1244 dicitur,
784 1199 827 1233 et
854 1187 929 1250 qui
953 1203 1109 1233 aureos
1138 1187 1294 1245 debet,
1318 1203 1361 1235 et
1378 1189 1454 1252 qui

173 1257 347 1305 corium
374 1257 521 1306 forma
554 1259 728 1322 publica
763 1259 1037 1322 percussum,
1066 1261 1193 1323 quale
1224 1262 1340 1323 apud
1371 1265 1455 1308 La·-

133 1374 135 1377 .
174 1332 488 1380 cedaemonios
516 1332 627 1388 fuit,
659 1333 782 1395 quod
808 1333 929 1378 usum
963 1345 1213 1380 numeratae
1244 1335 1458 1396 pecuniae

173 1405 370 1468 praestat.
410 1408 521 1467 Quo
550 1423 710 1470 genere
741 1406 959 1469 obligatus
991 1423 1064 1465 es,
1095 1407 1184 1455 hoc
1212 1404 1345 1455 fidem
1375 1425 1455 1456 ex·

175 1477 318 1526 solve.
359 1523 361 1525 ,

242 1551 348 1597 XV.
376 1549 498 1610 Quid
520 1549 600 1596 fint
627 1547 866 1605 beneficia,
889 1566 943 1595 an
960 1563 1005 1597 et
1029 1549 1074 1596 in
1097 1550 1210 1598 hanc
1238 1550 1457 1598 sordidam

176 1624 474 1688 humilemque
511 1625 735 1672 materiam
772 1625 929 1671 deduci
969 1625 1233 1688 magnitudo
1267 1627 1459 1674 nominis

180 1701 284 1746 clari
305 1701 485 1757 debeat,
512 1700 566 1747 ad
600 1716 682 1746 vos
710 1716 801 1745 non
828 1699 1015 1762 pertinet
1038 1719 1047 1743 :
1078 1699 1123 1745 in
1150 1699 1258 1747 alios
1286 1701 1462 1764 quaeri-

178 1784 250 1819 tur
267 1790 438 1820 verum.
456 1775 548 1819 Vos
565 1773 620 1818 ad
639 1772 825 1833 speciem
846 1772 942 1819 veri
959 1773 1217 1834 componite
1236 1774 1429 1820 animum
1449 1792 1459 1819 z

178 1859 223 1891 et
251 1845 357 1891 dum
378 1842 609 1890 honestum
630 1843 795 1899 dicitis,
815 1841 1034 1906 quidquid
1054 1841 1113 1887 est
1136 1841 1204 1898 id,
1235 1844 1357 1905 quod
1379 1861 1460 1891 no-

181 1917 299 1964 mine
328 1915 495 1964 honesti
523 1916 722 1973 ia&atur,
753 1915 797 1962 id
825 1914 969 1961 colite.
1001 1916 1279 1974 Quomodo,
1307 1916 1464 1980 inquit,

182 2005 317 2036 nemo
340 2005 418 2050 per
442 2004 524 2034 vos
548 1986 740 2049 ingratus
762 1985 843 2043 est,
869 1985 926 2032 fic
953 1987 1097 2032 rursus
1124 2003 1280 2035 omnes
1307 1988 1465 2051 ingrati

183 2063 293 2110 sunt.
327 2062 442 2107 Nam
471 2059 552 2124 (ut
576 2057 751 2122 dicitis)
782 2074 938 2105 omnes
966 2057 1081 2105 stulti
1110 2059 1212 2105 mali
1241 2060 1362 2107 sunt:
1390 2061 1466 2124 qui

183 2133 493 2181 autemhabet
526 2133 688 2179 vitium
727 2148 894 2189 unum,
931 2132 1061 2178 habet
1095 2132 1282 2179 omnia:
1313 2149 1468 2180 omnes

187 2224 332 2255 autem
363 2207 479 2254 stulti
510 2218 553 2253 et
579 2206 682 2252 mali
710 2206 831 2260 sunt3
862 2220 1016 2251 omnes
1046 2221 1153 2268 ergo
1183 2206 1338 2268 ingrati
1359 2206 1471 2254 sunt.

190 2280 315 2340 Quid
337 2295 444 2342 ergo
465 2279 482 2325 ἒ
513 2294 605 2324 non
627 2277 751 2323 sunt?
783 2292 874 2322 non
897 2277 1090 2340 undique
1109 2278 1303 2342 humano
1322 2278 1473 2340 generi

189 2352 444 2399 convicium
473 2351 555 2398 fit?
590 2367 682 2397 non
714 2348 891 2411 publica
924 2349 1102 2412 querela
1130 2349 1190 2395 est
1206 2384 1223 2406 ,
1258 2349 1474 2397 beneficia

192 2424 367 2488 perisse,
398 2439 443 2470 et
464 2421 741 2486 paucissimos
767 2420 876 2476 effe,
904 2421 980 2484 qui
1011 2421 1065 2467 de
1093 2420 1474 2468 benemerentibus

191 2516 282 2546 non
303 2498 496 2544 invicem
519 2495 697 2559 peffime
718 2494 1002 2548 mereantur?
1031 2494 1126 2544 Nec
1145 2492 1205 2540 est
1226 2494 1348 2558 quod
1367 2496 1475 2545 hanc

258 2565 306 2609 L.
329 2566 453 2609 Amz.
480 2567 649 2610 Seneca.
684 2564 778 2607 Vol.
798 2562 865 2606 II.
1023 2580 1027 2584 -
1182 2559 1223 2604 R
