1742 2967
341 186 439 233 DE
487 185 918 234 BENartctts
966 189 1089 236 ΜΒ.
1139 190 1214 236 vt.
1325 205 1415 253 297

152 309 296 341 rerum
314 292 498 356 impetus
514 328 527 351 ,
546 308 589 341 et
604 293 815 342 inclinatis
835 310 966 357 opem
990 294 1102 342 ferre
1121 311 1209 341 non
1229 297 1416 358 poteris,

151 383 232 413 nec
259 366 409 414 fulcire
432 383 482 413 ac
506 365 681 413 firmare
700 367 894 413 labantia.
917 368 1060 414 Multo
1086 383 1183 414 ante
1204 368 1417 426 vinceris,

151 457 283 504 quam
303 440 469 488 vistum
489 440 570 488 effe
596 453 638 487 te
657 440 822 487 sentias.
845 442 1048 487 Ceterum
1074 458 1164 487 non
1183 440 1244 486 est
1260 476 1272 496 ,
1296 443 1418 504 quod

151 504 539 560 exercitum'tuum
570 514 630 560 ob
657 515 742 560 hoc
770 513 962 560 sustineri
990 529 1114 577 putes
1143 529 1234 559 non
1265 513 1412 577 posse,

152 586 252 648 quia
281 604 485 634 numerus
519 587 612 634 eius
650 587 751 634 duci
785 604 964 651 quoque
993 588 1168 651 ignotus
1196 588 1267 635 est.
1297 587 1419 634 Nihil

152 672 238 705 tam
264 675 464 722 magnum
493 658 577 714 est,
597 661 718 722 quod
743 659 882 720 perire
909 674 996 704 non
1017 658 1175 721 potiit:
1197 658 1264 705 cui
1284 659 1418 705 nasci-

151 741 222 774 tur
240 728 284 774 in
312 730 579 791 perniciem,
611 741 659 776 ut
686 729 767 775 alia
787 728 1032 792 quiescant,
1066 747 1118 775 ex
1138 730 1226 792 ipsa
1247 731 1418 793 magni-

151 799 323 855 tudine,
344 801 412 847 sua
432 801 566 849 causa.
590 801 851 848 Acciderunt
874 817 984 864 quae
1015 802 1273 847 Demaratus
1291 819 1418 863 prae-

153 871 331 918 dixerat.
360 873 531 920 Divina
557 889 685 936 atque
701 873 890 918 humana
910 872 1229 935 impellentem,
1263 886 1304 920 et
1323 890 1420 919 mu-

152 956 313 992 tantem
340 945 551 1008 quidquid
570 945 821 1002 obstiterat,
847 945 1027 993 trecenti
1050 943 1156 992 stare
1187 944 1423 997 iufferttnt;

154 1016 396 1082 stratusque
416 1036 493 1081 per
509 1032 649 1066 totam
675 1015 1072 1080 paffim'Graeciam
1100 1019 1268 1064 Xerxes
1295 1016 1423 1063 intel-

153 1091 269 1148 lexit,
285 1105 492 1156 quantum
513 1093 566 1139 ab
586 1092 777 1148 exercitu
796 1092 923 1138 turba
940 1091 1124 1139 distaret.
1145 1095 1290 1155 ltaque
1305 1092 1424 1137 Xer«

153 1181 228 1211 xes
246 1166 432 1227 pudore,
446 1182 577 1228 quam
598 1165 760 1211 damno
779 1163 991 1222 miserior,
1014 1166 1254 1212 Demarato
1271 1164 1424 1227 gratias

155 1240 270 1302 egit,
301 1240 422 1302 quod
442 1239 555 1286 solus
580 1238 655 1285 fibi
678 1255 833 1284 verum
854 1238 1046 1296 dixisset,
1075 1251 1118 1286 et
1137 1238 1327 1301 permisit
1348 1255 1424 1301 pe-

153 1326 245 1358 tere
262 1311 384 1375 quod
403 1310 549 1358 vellet.
586 1309 691 1372 petit
708 1308 776 1353 ille
790 1343 802 1365 ‚
820 1323 868 1354 ut
887 1308 1034 1355 Sardes
1053 1309 1285 1355 maximam
1305 1308 1435 1361 Afiaef

156 1384 379 1431 civitatem
415 1401 543 1430 curru
571 1384 720 1431 veflus
748 1382 952 1436 intraret,
981 1383 1142 1428 reelam
1178 1382 1316 1444 capite
1343 1381 1425 1428 tia-

156 1473 248 1502 ram
278 1472 443 1518 gerens.
471 1456 516 1503 id
548 1455 648 1502 solis
682 1455 830 1500 datum
852 1453 1035 1515 regibus.
1082 1453 1254 1517 Dignus
1286 1452 1426 1499 fuerat

157 1529 380 1591 praemio,
414 1544 646 1593 antequam
679 1537 875 1590 peteret:
907 1526 979 1572 sed
1007 1543 1138 1589 quam
1177 1526 1427 1572 miserabilis

157 1617 284 1663 gens,
308 1600 351 1647 in
372 1618 456 1664 qua
477 1617 609 1648 nemo
630 1599 712 1647 fuit
732 1632 746 1655 ‚
767 1599 844 1663 qui
865 1615 1018 1647 verum
1041 1598 1203 1646 diceret
1220 1598 1331 1662 regi,
1349 1597 1425 1644 nisi

156 1672 231 1735 qui
259 1690 349 1718 non
370 1674 539 1720 dicebat
563 1671 676 1720 fibi?
1013 1685 1018 1692 ·

223 1747 416 1795 XXXII.
440 1747 587 1794 Divus
616 1744 829 1808 Augustus
855 1733 985 1793 filiam
1007 1744 1115 1790 ultra
1134 1743 1428 1807 impudicitiae

161 1821 436 1868 maledie'tum
458 1821 723 1884 impudicam
750 1820 988 1882 relegavit,
1015 1832 1057 1865 et
1084 1818 1245 1882 flagitia
1265 1819 1427 1865 Princi-

160 1893 268 1954 palis
290 1893 448 1941 domus
476 1892 521 1939 in
553 1892 770 1955 publicum
802 1892 966 1938 emisit:
985 1891 1188 1937 admissos
1217 1891 1429 1954 gregatim

160 1965 407 2025 adulteros,
435 1977 698 2029 pererratam
717 1964 935 2013 nef-turnis
963 1963 1342 2010 comessationibus
1367 1963 1428 2009 ci⁴

159 2039 338 2085 vitatem
358 2075 372 2096 ‚
388 2038 534 2085 forum
562 2038 699 2101 ipsum
722 2055 770 2084 ac
789 2036 925 2083 rostra
941 2072 954 2094 ‚
976 2053 1030 2082 ex
1056 2036 1211 2098 quibus
1230 2046 1349 2098 pater
1367 2035 1428 2080 le-

163 2127 259 2174 gem
297 2111 350 2157 de
375 2110 592 2157 adulteriis
622 2109 798 2163 tulerat,
827 2107 936 2154 filiae
965 2107 1009 2152 in
1030 2106 1169 2169 stupra
1197 2107 1424 2168 ‚placuiss'Q

161 2181 464 2244 quotidianum
492 2182 547 2228 ad
567 2181 786 2245 Marsyam
809 2179 1067 2226 concursum
1088 2198 1097 2224 :
1117 2196 1215 2225 cum
1232 2195 1286 2225 ex
1302 2180 1423 2225 adul-

162 2265 251 2301 tera
276 2254 320 2299 in
349 2254 659 2318 quaestuariam
691 2253 841 2310 versa,
868 2252 933 2299 ius
961 2252 1103 2297 omnis
1124 2252 1318 2297 licentiae
1349 2251 1422 2297 sul)

162 2325 317 2389 ignoto
328 2326 522 2372 adultero
532 2338 705 2388 peteret.
716 2327 834 2371 Haec
845 2340 934 2370 non
945 2337 1031 2369 tam
1043 2323 1300 2368 vindicanda
1314 2323 1421 2368 Prin·

163 2401 250 2463 cipi
267 2419 394 2464 quam
416 2403 594 2448 tacenda
617 2401 742 2465 (quia
757 2400 1023 2463 quarundam
1040 2416 1183 2444 rerum
1201 2398 1426 2460 turpitudo

163 2474 296 2520 etiam
315 2475 368 2520 ad
387 2474 680 2523 vindicantem
696 2473 837 2533 redit)
865 2486 1186 2536 parumpotens
1204 2471 1292 2518 itae
1311 2471 1426 2534 pub*
