1742 2967
278 157 367 221 2&
501 161 1318 208 L.ANNAEISENECAE

275 266 494 315 licaverat.
528 268 705 315 Deinde
732 285 859 328 cum,
889 267 1144 332 interposito
1160 279 1380 332 tempore,
1406 268 1451 316 in
1471 269 1541 316 lo·-

275 356 376 387 cum
399 339 486 389 irae
504 341 676 389 subisset
694 342 975 398 verecundia,
995 359 1198 405 gemens,
1223 343 1346 406 quod
1362 359 1453 389 non
1472 343 1543 389 illa

273 412 441 458 silentio
460 413 681 475 preffisset,
701 430 810 476 quae
829 414 995 460 tamdiu
1013 414 1237 475 nescierat,
1258 414 1401 460 donec
1418 413 1542 476 loqui

272 494 398 544 turpe
417 482 519 531 effet
535 519 548 541 ‚
570 481 694 546 saepe
714 483 973 530 exclamavit
994 499 1005 527 z
1027 483 1200 529 Horum
1220 482 1327 528 mihi
1344 482 1451 528 nihil
1466 500 1542 530 ac-

273 554 456 614 cidisset,
475 555 506 601 fi
530 567 601 601 aut
625 555 818 619 Agrippa
832 592 846 615 ,
873 568 946 603 aut
964 559 1193 604 Maecenas
1210 555 1396 604 vixiffer.
1415 556 1544 602 Adeo

273 641 342 674 tot
368 627 544 675 habenti
571 627 702 674 millia
726 629 981 688 hominum,
1009 629 1120 676 duos
1145 645 1340 691 reparare
1369 628 1545 676 difficile

274 701 346 749 est.
374 702 532 749 Caesae
544 700 647 748 'sunt
668 702 884 766 legione53
907 717 949 750 et
974 704 1176 767 protinus
1200 703 1392 765 scriptae.
1415 703 1545 749 stadia

274 775 433 831 claffis3
465 787 508 823 et
540 775 651 823 intra
676 792 837 839 paucos
858 777 948 824 dies
975 777 1143 826 natavit
1167 794 1302 824 nova.
1330 776 1545 824 saevitum

273 847 335 895 est
364 848 410 893 in
442 865 575 910 opera
609 849 782 912 publica
809 849 1010 912 ignibus;
1048 850 1326 897 surrexerunt
1363 849 1546 896 meliora

275 921 540 968 consumtis:
570 934 660 969 tota
681 922 796 979 vita,
823 923 1043 986 Agrippae
1061 935 1103 970 et
1128 923 1391 970 Maecenatis
1412 938 1547 968 vaca-
1603 979 1607 982 .
1660 926 1663 927 ⁷
1729 961 1733 989 4

276 994 341 1041 vit
370 994 507 1042 locus,
533 995 655 1055 Quid
681 999 859 1058 putem?
887 995 1063 1042 defuiffe
1081 995 1236 1043 similes
1264 994 1336 1058 qui
1364 994 1546 1042 assume-

274 1077 422 1112 rentur
439 1102 453 1122 ,
489 1082 543 1112 an
569 1065 697 1129 ipfius
727 1068 886 1115 vitium
916 1068 1063 1139 fuiffe2
1095 1067 1172 1131 qui
1193 1067 1342 1113 maluit
1369 1068 1545 1130 quaeri,

274 1156 406 1201 quam
434 1140 673 1202 quaerere?
704 1142 808 1186 Non
828 1140 888 1188 est
907 1144 1028 1204 quod
1045 1142 1337 1188 existimemus
1351 1178 1364 1200 ‚
1387 1143 1547 1205 Agrip·
1589 1191 1591 1194 ,

273 1227 374 1273 pam
397 1223 439 1256 et
469 1212 768 1258 Maecenatem
799 1213 949 1259 solitos
978 1213 1037 1259 illi
1067 1229 1170 1259 vera
1202 1213 1343 1260 dicere
1371 1231 1382 1259 :
1413 1214 1488 1277 qui
1516 1214 1548 1260 fi

276 1282 479 1329 vixissent
495 1317 508 1339 ‚
527 1282 638 1330 inter
658 1284 964 1331 dissimulantes
985 1284 1175 1332 fuiffent.
1194 1286 1364 1348 Regalis
1382 1285 1547 1349 ingenii

276 1372 374 1402 mos
401 1355 496 1412 est,
533 1356 578 1402 in
611 1357 899 1437 praesentium
934 1358 1241 1404 contumeliam
1273 1358 1417 1404 amissa
1449 1360 1546 1405 lau-

278 1431 406 1488 dare,
434 1442 474 1475 et
512 1431 579 1477 his
614 1430 822 1478 virtutem
852 1432 953 1478 dare
979 1448 1082 1479 vera
1114 1431 1309 1490 dicendi,
1340 1449 1364 1478 a
1394 1431 1549 1495 quibus

273 1502 359 1549 iam
389 1502 591 1550 audiendi
612 1503 856 1566 periculum
881 1521 974 1550 non
997 1503 1071 1551 est.

340 1578 554 1625 XXXIII.
590 1580 672 1625 Sed
692 1592 740 1626 ut
764 1596 834 1625 me
853 1580 906 1625 ad
926 1578 1198 1642 propositum
1220 1579 1422 1626 reducam
1438 1615 1450 1636 ,
1475 1579 1546 1625 vi-

277 1651 351 1698 des
377 1668 505 1714 quam
529 1650 654 1698 facile
680 1652 749 1708 fit,
778 1654 957 1716 gratiam
987 1652 1148 1699 referre
1182 1652 1409 1710 felicibus,
1433 1665 1475 1698 et
1498 1653 1546 1698 in

276 1725 449 1771 summo
466 1725 752 1771 humanarum
771 1743 908 1788 opum
929 1724 1091 1788 positis.
1111 1725 1201 1773 Dic
1219 1726 1300 1771 illis
1314 1741 1404 1770 non
1424 1725 1548 1788 quod

278 1799 434 1847 volunt
451 1797 599 1844 audire
613 1834 627 1855 ‚
644 1798 716 1845 sed
734 1798 856 1861 quod
883 1797 1041 1844 audisse
1066 1797 1232 1859 semper
1254 1797 1404 1844 volent
1422 1814 1433 1842 :
1454 1796 1550 1858 ple·

274 1890 350 1920 nas
371 1881 494 1920 aures
520 1873 838 1920 adulationibus
855 1910 868 1931 ,
887 1873 1119 1935 aliquando
1144 1887 1249 1918 vera
1273 1887 1367 1918 vox
1389 1871 1546 1917 intret:

278 1947 333 1991 da
350 1945 575 1993 consilium
594 1946 711 2003 utile.
731 1947 939 2006 Quaeris,
961 1946 1067 2008 quid
1091 1943 1207 1990 felici
1222 1943 1433 2005 praestare
1452 1942 1549 2005 pos-

279 2019 362 2066 fis?
397 2019 521 2066 effice
538 2051 554 2075 ‚
579 2036 634 2066 ne
659 2018 850 2066 felicitati
884 2019 980 2064 suae
1009 2018 1157 2064 credat
1181 2035 1193 2063 ι
1222 2033 1270 2063 ut
1299 2017 1399 2063 sciat
1428 2016 1545 2062 illam

279 2091 425 2138 multis
445 2105 489 2139 et
511 2090 608 2138 fidis
630 2090 826 2137 manibus
842 2090 1165 2138 continendam.
1183 2091 1338 2136 Parum
1360 2089 1407 2134 in
1424 2088 1547 2134 illum

282 2163 520 2210 contuleris
535 2199 549 2223 ‚
573 2164 602 2210 si
624 2163 687 2210 illi
709 2162 838 2210 semel
866 2161 1037 2208 stultam
1061 2161 1266 2208 fiduciam
1294 2153 1547 2224 permansu-

281 2253 353 2282 rae
373 2236 541 2299 semper
557 2237 775 2299 potentiae
794 2235 1027 2284 excusseris
1039 2272 1052 2294 ,
1067 2235 1354 2297 docuerisque
1367 2233 1548 2280 mobilia

281 2309 367 2355 effe
396 2325 508 2372 quae
538 2310 656 2356 dedit
684 2309 830 2365 casus,
852 2320 895 2356 et
913 2309 1077 2356 maiore
1100 2306 1225 2355 cursu
1244 2305 1394 2369 fugere
1411 2322 1545 2369 quam

281 2382 463 2427 veniunt
484 2399 495 2427 ε
514 2398 594 2428 nec
611 2382 675 2429 his
691 2381 969 2445 portionibus
982 2417 995 2436 ‚
1015 2380 1169 2444 quibus
1189 2379 1241 2426 ad
1260 2379 1423 2426 summa
1443 2394 1546 2439 per-

284 2467 465 2502 ventum
482 2454 542 2501 est
557 2486 572 2510 ,
591 2454 800 2514 retroiri,
821 2454 890 2500 sed
905 2453 1028 2517 saepe
1043 2452 1155 2501 inter
1172 2451 1386 2501 fortunam
1406 2448 1543 2495 maxi-

1728 2497 1742 2556 71.5'
1726 2445 1742 2484 κζ’.
1735 2427 1742 2438 ι
