1742 2967
290 195 350 243 28
499 197 502 201 ’
547 199 596 244 L.
640 197 936 244 ANNAE1
975 197 1309 246 SENECAE

282 301 505 364 pulchrius
534 304 596 351 est
618 340 631 363 ,
659 298 791 368 quam
818 304 972 353 vivere
1004 306 1256 368 optantibus
1282 305 1477 364 cunctis,
1512 317 1557 354 et

282 387 390 422 vota
412 393 503 422 non
524 377 600 424 sub
621 379 802 425 custode
821 379 1204 440 nuncupantibus?
1226 380 1255 426 fi
1280 369 1454 442 paulum
1477 398 1556 427 va-

278 446 428 495 letudo
463 450 696 509 titubavit,
730 469 822 498 non
851 453 970 514 spem
996 445 1555 512 hominum'excitari,sed

279 527 482 568 metum?
520 524 626 569 nihil
653 524 737 571 effe
773 525 980 588 cuiquam
1013 537 1100 571 tam
1130 526 1364 588 pretiosum
1384 558 1403 581 ,Α
1428 527 1554 590 quod

279 608 372 640 non
393 610 476 655 pro
496 594 624 641 salute
644 597 845 658 praesidis
868 598 930 643 sui
950 611 1272 644 commutatum
1291 599 1396 645 velit
1415 599 1433 646 ἓ
1454 615 1555 646 om-

278 678 336 708 ne
367 665 489 726 quod
513 665 574 711 illi
599 666 813 728 contingit
832 702 846 724 ,
878 666 957 712 fibi
989 684 1166 730 quoque
1201 669 1379 714 evenire
1411 669 1552 731 depu-

275 741 374 782 tet?
410 739 458 783 In
487 738 574 785 hoc
603 739 772 786 affiduis
802 740 1007 787 bonitatis
1036 740 1299 802 argumentis
1327 741 1554 805 probavit,

275 826 369 856 non
405 813 733 878 Rempublicam
770 813 887 860 suam
924 813 1036 870 effe,
1072 813 1144 860 sed
1175 814 1216 860 se
1255 814 1551 877 Reipublicae.

275 882 392 941 Quis
423 884 521 932 huic
555 886 709 934 audeat
743 886 904 933 struere
929 886 1108 949 aliquod
1139 887 1420 950 periculum?
1457 889 1553 951 quis

273 955 329 1000 ab
359 955 446 1002 hoc
482 973 604 1013 non,
631 957 659 1003 fi
693 958 852 1020 poffit,
884 958 1106 1005 fortunam
1138 975 1317 1022 quoque
1353 974 1554 1008 avertere

275 1027 412 1091 velit,
438 1028 518 1079 sub
544 1047 636 1093 quo
671 1030 829 1078 iustitia
845 1067 859 1089 ,
893 1048 977 1093 pax
993 1064 1008 1087 ‚
1042 1031 1251 1093 pudicitia
1271 1064 1286 1086 ,
1320 1031 1521 1080 securitas
1538 1067 1554 1090 ,

274 1100 458 1163 dignitas
490 1102 654 1150 florent
676 1122 686 1151 :
715 1105 791 1156 sub
813 1121 904 1167 quo
924 1105 1132 1168 opulenta
1150 1105 1303 1152 civitas
1322 1106 1453 1166 copi-a
1470 1105 1557 1152 bo—

272 1189 434 1220 norum
460 1176 659 1223 omnium
689 1178 906 1225 abundat?
927 1180 1022 1227 Nec
1045 1179 1133 1226 alio
1156 1179 1306 1226 animo
1335 1179 1555 1225 restorem

271 1245 399 1292 suum
435 1248 654 1308 intuetur,
684 1267 815 1314 quam
843 1252 874 1297 fi
906 1252 967 1299 dii
997 1251 1265 1298 immortales
1295 1250 1554 1313 potestatem

271 1320 443 1368 visendi
472 1321 534 1368 sui
558 1322 746 1370 faciant:
775 1324 1024 1371 intucamur
1049 1336 1308 1373 venerantes
1333 1325 1554 1371 coientes-

271 1410 371 1456 que.
401 1396 523 1454 Quid
550 1397 726 1444 autem?
757 1414 850 1444 non
872 1398 1127 1460 proximum
1154 1398 1240 1444 illis
1261 1397 1410 1443 locum
1433 1409 1554 1445 tenet

270 1466 332 1522 is,
360 1469 435 1531 qui
461 1468 502 1513 se
528 1485 581 1514 ex
600 1470 783 1516 deorum
812 1483 962 1517 natura
987 1471 1127 1534 gerit,
1147 1469 1368 1517 beneficus
1393 1486 1443 1516 ac
1466 1470 1554 1516 lar-

269 1555 377 1601 gus,
402 1552 446 1586 et
473 1540 518 1586 in
542 1542 694 1589 melius
720 1543 908 1604 potens?
935 1544 1055 1589 Haec
1076 1542 1295 1597 affe&are‚
1321 1542 1429 1587 haec
1450 1541 1552 1587 imi-

270 1612 353 1658 tari
376 1612 532 1661 decet:
564 1616 805 1665 maximum
826 1616 893 1678 ¹ita
916 1617 1093 1676 haberi,
1127 1629 1175 1664 ut
1208 1615 1402 1680 optimus
1426 1616 1551 1663 fimul

270 1682 495 1729 habeatur⁴²

338 1756 446 1802 XX.
499 1758 540 1802 A
570 1756 737 1803 duabus
772 1756 904 1804 caufis
931 1756 1084 1821 punire
1118 1757 1321 1822 princeps
1350 1757 1488 1816 solet,
1519 1759 1552 1806 fi

271 1837 345 1872 aut
375 1827 416 1874 se
444 1828 663 1886 vindicat,
695 1842 768 1875 aut
791 1829 940 1876 alium.
979 1831 1099 1877 Prius
1119 1831 1173 1877 de
1200 1847 1250 1877 ea
1274 1843 1395 1893 parte
1419 1830 1548 1879 diffe-

272 1915 392 1958 ram,
408 1917 518 1959 quae
537 1902 675 1963 ipsum
695 1902 926 1965 contingit.
948 1903 1164 1951 difficilius
1177 1904 1237 1950 est
1252 1905 1369 1951 enim
1388 1906 1549 1953 mode-

271 1972 381 2027 rari,
395 1973 470 2019 ubi
487 1974 634 2020 dolori
653 1974 835 2022 debetur
847 1975 981 2033 ultio,
999 1993 1129 2038 quam
1144 1977 1218 2024 ubi
1239 1979 1456 2041 exemplo.
1468 1980 1548 2026 Su-

272 2060 542 2107 pervacuum
564 2046 624 2092 est
643 2047 728 2094 hoc
747 2046 853 2093 loco
876 2048 1135 2104 admonere,
1158 2066 1213 2095 ne
1226 2049 1354 2097 facile
1374 2051 1546 2111 credat,

271 2129 320 2163 ut
330 2133 481 2165 verum
499 2118 705 2177 excutiat,
725 2131 771 2165 ut
789 2120 1065 2167 innocentiae
1084 2121 1243 2180 faveat,
1263 2136 1306 2169 et
1324 2137 1565 2185 appareat,

270 2201 319 2235 ut
351 2206 442 2236 non
472 2190 690 2237 minorem
715 2191 784 2254 agi
805 2209 898 2238 rem
927 2184 1238 2254 periclitantis,
1265 2212 1398 2258 quam
1427 2195 1546 2244 iudi-
1575 2247 1577 2249 .

268 2262 354 2320 cis,
375 2263 474 2310 sciat
495 2281 506 2310 :
527 2263 614 2310 hoc
629 2263 685 2310 ad·
703 2263 910 2310 iustitiam
923 2299 938 2323 ‚
963 2281 1054 2311 non
1080 2266 1133 2312 ad
1153 2267 1425 2315 clementiam
1445 2284 1543 2330 per-

271 2333 392 2382 tinet.
414 2336 540 2382 Nunc
556 2336 678 2383 illum
699 2336 949 2396 hortamur,
966 2353 1015 2386 ut
1030 2339 1253 2387 manifeste
1276 2340 1542 2399 laestis,ani-

272 2422 393 2451 mum
417 2408 462 2452 in
490 2407 702 2469 potestate
725 2408 879 2456 habeat
901 2427 912 2455 ε
932 2424 976 2458 et
996 2427 1209 2472 poenam,
1238 2411 1268 2458 si
1296 2425 1393 2459 tuto
1420 2425 1543 2475 pote-

272 2480 326 2527 rit
335 2514 352 2540 ,
370 2480 531 2530 donet:
549 2480 611 2529 fin
630 2482 793 2547 minus,
806 2496 1022 2548 temperet
1042 2485 1288 2550 :longeque
1308 2485 1357 2532 fit
1378 2486 1423 2533 in
1441 2485 1542 2544 suis,
