1742 2967
335 218 420 250 ιη
501 205 550 251 L.
577 202 719 280 ΑΝΝ.
751 204 873 250 sssN.
907 201 992 249 DE
1023 203 1110 250 O
1070 175 1176 250 ’ῑο
1204 203 1468 251 SAPffiNT

326 311 644 377 reipublicae?
639 312 680 358 Si
698 295 905 359 omnibus
926 310 1125 368 defutura
1142 311 1384 375 respublica
1401 309 1460 357 est
1480 309 1606 375 (sem-

324 400 402 445 per
428 397 572 433 autem
602 374 738 432 deerit
770 366 986 431 fastidiose
1014 385 1340 447 quaerentibus)
1375 383 1607 447 interrogo

323 458 377 503 ad
413 474 542 521 quam
575 456 890 519 rempublicam
926 456 954 503 s
946 475 1012 520 ψ
1000 473 1092 503 ens
1125 456 1371 504 accessurus
1405 454 1484 501 fit.
1474 454 1491 489 Ἀ
1537 455 1604 502 Ad

328 530 684 588 Atheniensium,
717 530 761 577 in
793 548 877 595 qua
907 533 1107 578 Socrates
1138 533 1394 587 damnatur,
1432 529 1607 576 Aristo-

324 603 426 651 teles
454 622 508 652 ne
536 603 839 663 damnatetur,
870 603 1024 666 fugit?
1055 604 1098 650 in
1127 621 1212 667 qua
1243 603 1458 667 opprimit
1489 601 1604 648 invi-

324 677 393 724 dia
412 678 596 726 virtutes
616 678 632 724 ?
656 669 850 742 Negabis
872 677 979 723 mihi
1000 677 1265 724 accessurum
1284 678 1339 722 ad
1357 677 1468 722 hanc
1490 691 1607 720 rem-

321 748 540 810 publicam
560 748 810 811 sapientem.
836 750 903 795 Ad
925 745 1343 812 Carthaginiensium
1364 763 1604 809 ergowrem-

322 821 539 884 publicam
566 822 732 885 sapiens
756 822 961 877 accedet,
990 821 1034 868 in
1063 838 1150 885 qua
1169 820 1331 866 affidua
1359 819 1512 866 seditio
1528 855 1542 877 ‚
1562 831 1606 866 et

255 919 264 954 51
321 893 496 957 optimo
513 894 681 958 *cuique
707 894 859 941 infesta
888 894 1064 943 libertas
1092 893 1182 950 est,
1210 893 1377 939 summa
1402 893 1528 956 aequi
1554 909 1603 940 ac

322 967 429 1015 boni
464 968 636 1022 vilitas,
666 968 871 1016 adversus
899 967 1044 1014 hostes
1078 967 1313 1013 inhumana
1339 966 1569 1013 crudelitas
1589 1003 1603 1024 ,

320 1041 449 1088 etiam
471 1042 677 1089 adversus
694 1044 796 1089 suos
821 1041 987 1088 hostilis
1006 1045 1022 1086 ?
1049 1043 1102 1087 Et
1120 1039 1229 1086 hanc
1257 1038 1410 1101 fugiet.
1441 1038 1483 1084 Si
1499 1055 1603 1102 per-

321 1115 497 1162 censere
538 1115 717 1179 singulas
750 1115 942 1161 voluero
964 1149 977 1169 ‚
1013 1113 1172 1158 nullam
1205 1110 1454 1166 inveniam,
1490 1127 1603 1174 quae

319 1185 579 1249 sapientem,
606 1198 680 1233 aut
698 1202 828 1248 quam
847 1186 1017 1249 sapiens
1037 1185 1123 1248 pati
1145 1183 1289 1247 poffit.
1318 1183 1488 1243 Quodsi
1511 1201 1600 1230 non

317 1257 541 1305 invenitur
564 1257 633 1304 illa
664 1257 909 1320 respublica
947 1273 1074 1321 quam
1110 1255 1238 1301 nobis
1266 1253 1498 1317 fingimus,
1530 1255 1602 1300 in-

318 1329 428 1393 cipit
463 1331 669 1378 omnibus
697 1330 783 1378 effe
812 1331 954 1377 otium
987 1329 1270 1377 necessarium
1308 1346 1319 1374 :
1351 1327 1451 1390 quia
1477 1330 1599 1391 quod

315 1421 454 1451 unum
485 1404 692 1468 praeferri
717 1418 891 1467 poterat
918 1406 1045 1460 otio,
1073 1420 1286 1467 nusquam
1318 1401 1394 1449 est.
1435 1401 1477 1448 Si
1503 1402 1600 1464 quis

317 1478 424 1525 dicit
445 1478 663 1540 optimum
693 1479 779 1526 effe
803 1479 1007 1543 navigare
1028 1496 1037 1524 :
1059 1478 1216 1524 deinde
1235 1490 1361 1539 negat
1387 1476 1598 1539 navigan-

316 1552 423 1598 dum
451 1551 495 1598 in
521 1567 578 1598 eo
607 1551 739 1609 mari,
766 1552 812 1598 in
841 1569 936 1615 quo
962 1550 1189 1614 naufragia
1218 1548 1312 1595 fieri
1343 1548 1531 1606 soleant,
1556 1560 1599 1596 et

315 1624 568 1687 frequenter
594 1623 755 1671 subitae
789 1623 1065 1687 tempestates
1096 1623 1208 1680 sint,
1243 1637 1352 1686 quae
1379 1622 1595 1668 rectorem

316 1695 362 1742 in
390 1696 658 1743 contrarium
685 1696 854 1758 rapiant
881 1714 891 1742 ε
917 1707 1056 1756 puto,
1082 1695 1154 1742 hic
1181 1710 1252 1740 me
1285 1704 1406 1740 vetat
1434 1710 1595 1743 navem

317 1767 488 1818 solvere
502 1802 516 1826 ‚
541 1785 804 1833 quamquam
833 1768 977 1816 laudat
1004 1766 1344 1832 navigationem.
1362 1767 1388 1790 ⁴*
