<?xml version="1.0" encoding="UTF-8"?>
<!DOCTYPE html PUBLIC "-//W3C//DTD XHTML 1.0 Transitional//EN"
    "http://www.w3.org/TR/xhtml1/DTD/xhtml1-transitional.dtd">
<html xmlns="http://www.w3.org/1999/xhtml" xml:lang="en" lang="en">
 <head>
  <title>
</title>
<meta http-equiv="Content-Type" content="text/html;charset=utf-8" />
  <meta name='ocr-system' content='tesseract 3.04.00' />
  <meta name='ocr-capabilities' content='ocr_page ocr_carea ocr_par ocr_line ocrx_word'/>
</head>
<body>
  <div class='ocr_page' id='page_1' title='image "./lannaeisenecaeph02seneuoft_0119.png"; bbox 0 0 1742 2967; ppageno 0'>
   <div class='ocr_carea' id='block_1_1' title="bbox 501 206 1479 278">
    <p class='ocr_par' dir='ltr' id='par_1_1' title="bbox 501 206 1479 278">
     <span class='ocr_line' id='line_1_1' title="bbox 501 206 1479 278; baseline 0.007 -26"><span class='ocrx_word' id='word_1_1' title='bbox 501 206 600 252; x_wconf 83' lang='lat' dir='ltr'><strong>DE</strong></span> <span class='ocrx_word' id='word_1_2' title='bbox 646 209 839 254; x_wconf 78' lang='lat' dir='ltr'>VITA</span> <span class='ocrx_word' id='word_1_3' title='bbox 893 210 1174 257; x_wconf 76' lang='lat' dir='ltr'>BEATA.</span> <span class='ocrx_word' id='word_1_4' title='bbox 1419 231 1479 278; x_wconf 82' lang='lat'><strong>99</strong></span> 
     </span>
    </p>
   </div>
   <div class='ocr_carea' id='block_1_2' title="bbox 199 317 1480 602">
    <p class='ocr_par' dir='ltr' id='par_1_2' title="bbox 199 317 1480 602">
     <span class='ocr_line' id='line_1_2' title="bbox 200 317 1480 381; baseline 0.006 -21"><span class='ocrx_word' id='word_1_5' title='bbox 200 326 262 361; x_wconf 79' lang='lat' dir='ltr'><strong>tes</strong></span> <span class='ocrx_word' id='word_1_6' title='bbox 288 329 426 378; x_wconf 81' lang='lat' dir='ltr'><strong>aeque</strong></span> <span class='ocrx_word' id='word_1_7' title='bbox 456 327 764 365; x_wconf 72' lang='lat' dir='ltr'><strong>contemnam:</strong></span> <span class='ocrx_word' id='word_1_8' title='bbox 797 335 876 364; x_wconf 85' lang='lat' dir='ltr'><strong>nec</strong></span> <span class='ocrx_word' id='word_1_9' title='bbox 905 317 934 364; x_wconf 89' lang='lat' dir='ltr'>fi</span> <span class='ocrx_word' id='word_1_10' title='bbox 961 319 1119 367; x_wconf 80' lang='lat' dir='ltr'><strong>alicubi</strong></span> <span class='ocrx_word' id='word_1_11' title='bbox 1150 319 1378 381; x_wconf 83' lang='lat' dir='ltr'><strong>iacebunt,</strong></span> <span class='ocrx_word' id='word_1_12' title='bbox 1399 322 1480 369; x_wconf 79' lang='lat' dir='ltr'><strong>tri-</strong></span> 
     </span>
     <span class='ocr_line' id='line_1_3' title="bbox 202 386 1479 457; baseline 0.008 -26"><span class='ocrx_word' id='word_1_13' title='bbox 202 386 332 443; x_wconf 72' lang='lat' dir='ltr'><strong>stior3</strong></span> <span class='ocrx_word' id='word_1_14' title='bbox 355 404 436 433; x_wconf 88' lang='lat' dir='ltr'><strong>nec</strong></span> <span class='ocrx_word' id='word_1_15' title='bbox 458 387 486 432; x_wconf 77' lang='lat' dir='ltr'><strong>st</strong></span> <span class='ocrx_word' id='word_1_16' title='bbox 511 388 625 434; x_wconf 81' lang='lat' dir='ltr'><strong>circa</strong></span> <span class='ocrx_word' id='word_1_17' title='bbox 647 406 717 435; x_wconf 89' lang='lat' dir='ltr'><strong>me</strong></span> <span class='ocrx_word' id='word_1_18' title='bbox 736 389 983 453; x_wconf 80' lang='lat' dir='ltr'><strong>fulgebunt,</strong></span> <span class='ocrx_word' id='word_1_19' title='bbox 1002 391 1250 439; x_wconf 72' lang='lat' dir='ltr'>animosior.</span> <span class='ocrx_word' id='word_1_20' title='bbox 1278 410 1362 457; x_wconf 85' lang='lat' dir='ltr'><strong>ego</strong></span> <span class='ocrx_word' id='word_1_21' title='bbox 1383 394 1479 442; x_wconf 88' lang='lat' dir='ltr'><strong>for-</strong></span> 
     </span>
     <span class='ocr_line' id='line_1_4' title="bbox 199 460 1476 531; baseline 0.009 -28"><span class='ocrx_word' id='word_1_22' title='bbox 199 471 349 505; x_wconf 86' lang='lat' dir='ltr'><strong>tunam</strong></span> <span class='ocrx_word' id='word_1_23' title='bbox 369 475 448 505; x_wconf 90' lang='lat' dir='ltr'><strong>nec</strong></span> <span class='ocrx_word' id='word_1_24' title='bbox 471 460 722 507; x_wconf 88' lang='lat' dir='ltr'><strong>venientem</strong></span> <span class='ocrx_word' id='word_1_25' title='bbox 746 461 926 508; x_wconf 89' lang='lat' dir='ltr'><strong>sentiam</strong></span> <span class='ocrx_word' id='word_1_26' title='bbox 941 494 955 518; x_wconf 93' lang='lat'>,</span> <span class='ocrx_word' id='word_1_27' title='bbox 978 478 1056 510; x_wconf 87' lang='lat' dir='ltr'><strong>nec</strong></span> <span class='ocrx_word' id='word_1_28' title='bbox 1076 464 1366 514; x_wconf 84' lang='lat' dir='ltr'><strong>recedentem.</strong></span> <span class='ocrx_word' id='word_1_29' title='bbox 1388 462 1476 531; x_wconf 81' lang='lat' dir='ltr'><strong>ego</strong></span> 
     </span>
     <span class='ocr_line' id='line_1_5' title="bbox 199 536 1478 602; baseline 0.008 -26"><span class='ocrx_word' id='word_1_30' title='bbox 199 544 333 578; x_wconf 71' lang='lat' dir='ltr'><strong>terras</strong></span> <span class='ocrx_word' id='word_1_31' title='bbox 355 547 509 578; x_wconf 83' lang='lat' dir='ltr'><strong>omnes</strong></span> <span class='ocrx_word' id='word_1_32' title='bbox 534 543 739 595; x_wconf 76' lang='lat' dir='ltr'><strong>tanquam</strong></span> <span class='ocrx_word' id='word_1_33' title='bbox 766 551 882 582; x_wconf 81' lang='lat' dir='ltr'><strong>meas</strong></span> <span class='ocrx_word' id='word_1_34' title='bbox 909 536 1075 583; x_wconf 90' lang='lat' dir='ltr'><strong>videbo</strong></span> <span class='ocrx_word' id='word_1_35' title='bbox 1091 572 1103 592; x_wconf 93' lang='lat'><strong>,</strong></span> <span class='ocrx_word' id='word_1_36' title='bbox 1130 554 1246 584; x_wconf 89' lang='lat' dir='ltr'><strong>meas</strong></span> <span class='ocrx_word' id='word_1_37' title='bbox 1270 549 1478 602; x_wconf 85' lang='lat' dir='ltr'><strong>tanquam</strong></span> 
     </span>
    </p>
   </div>
   <div class='ocr_carea' id='block_1_3' title="bbox 197 605 1480 746">
    <p class='ocr_par' dir='ltr' id='par_1_3' title="bbox 197 605 1480 746">
     <span class='ocr_line' id='line_1_6' title="bbox 199 605 1478 672; baseline 0.009 -21"><span class='ocrx_word' id='word_1_38' title='bbox 199 606 413 652; x_wconf 83' lang='lat' dir='ltr'><strong>omnium.</strong></span> <span class='ocrx_word' id='word_1_39' title='bbox 432 623 517 669; x_wconf 86' lang='lat' dir='ltr'><strong>ego</strong></span> <span class='ocrx_word' id='word_1_40' title='bbox 536 605 591 654; x_wconf 89' lang='lat' dir='ltr'><strong>fic</strong></span> <span class='ocrx_word' id='word_1_41' title='bbox 611 608 787 667; x_wconf 87' lang='lat' dir='ltr'><strong>vivam,</strong></span> <span class='ocrx_word' id='word_1_42' title='bbox 807 609 924 672; x_wconf 85' lang='lat' dir='ltr'><strong>quafi</strong></span> <span class='ocrx_word' id='word_1_43' title='bbox 946 609 1073 657; x_wconf 84' lang='lat' dir='ltr'><strong>sciam</strong></span> <span class='ocrx_word' id='word_1_44' title='bbox 1096 611 1189 659; x_wconf 87' lang='lat' dir='ltr'><strong>aliis</strong></span> <span class='ocrx_word' id='word_1_45' title='bbox 1208 630 1278 661; x_wconf 86' lang='lat' dir='ltr'><strong>me</strong></span> <span class='ocrx_word' id='word_1_46' title='bbox 1297 626 1447 660; x_wconf 87' lang='lat' dir='ltr'><strong>natum</strong></span> <span class='ocrx_word' id='word_1_47' title='bbox 1466 633 1478 663; x_wconf 76' lang='grc' dir='ltr'><em>τ</em></span> 
     </span>
     <span class='ocr_line' id='line_1_7' title="bbox 197 678 1480 746; baseline 0.009 -25"><span class='ocrx_word' id='word_1_48' title='bbox 197 691 240 722; x_wconf 86' lang='lat' dir='ltr'><strong>et</strong></span> <span class='ocrx_word' id='word_1_49' title='bbox 272 689 449 723; x_wconf 86' lang='lat' dir='ltr'><strong>naturae</strong></span> <span class='ocrx_word' id='word_1_50' title='bbox 479 694 625 724; x_wconf 82' lang='lat' dir='ltr'><strong>retum</strong></span> <span class='ocrx_word' id='word_1_51' title='bbox 655 678 741 726; x_wconf 92' lang='lat' dir='ltr'><strong>hoc</strong></span> <span class='ocrx_word' id='word_1_52' title='bbox 774 680 954 727; x_wconf 88' lang='lat' dir='ltr'><strong>nomine</strong></span> <span class='ocrx_word' id='word_1_53' title='bbox 985 682 1139 743; x_wconf 81' lang='lat' dir='ltr'><strong>gratias</strong></span> <span class='ocrx_word' id='word_1_54' title='bbox 1179 700 1316 746; x_wconf 83' lang='lat' dir='ltr'><strong>agam.</strong></span> <span class='ocrx_word' id='word_1_55' title='bbox 1370 687 1480 746; x_wconf 83' lang='lat' dir='ltr'><strong>Quo</strong></span> 
     </span>
    </p>
   </div>
   <div class='ocr_carea' id='block_1_4' title="bbox 197 749 1480 890">
    <p class='ocr_par' dir='ltr' id='par_1_4' title="bbox 197 749 1480 890">
     <span class='ocr_line' id='line_1_8' title="bbox 197 749 1480 819; baseline 0.009 -25"><span class='ocrx_word' id='word_1_56' title='bbox 197 749 314 795; x_wconf 86' lang='lat' dir='ltr'><strong>enim</strong></span> <span class='ocrx_word' id='word_1_57' title='bbox 345 749 497 796; x_wconf 88' lang='lat' dir='ltr'><strong>melius</strong></span> <span class='ocrx_word' id='word_1_58' title='bbox 526 768 686 814; x_wconf 89' lang='lat' dir='ltr'><strong>genere</strong></span> <span class='ocrx_word' id='word_1_59' title='bbox 715 753 942 815; x_wconf 88' lang='lat' dir='ltr'><strong>negotium</strong></span> <span class='ocrx_word' id='word_1_60' title='bbox 972 771 1120 801; x_wconf 90' lang='lat' dir='ltr'><strong>meum</strong></span> <span class='ocrx_word' id='word_1_61' title='bbox 1148 772 1275 818; x_wconf 87' lang='lat' dir='ltr'><strong>agere</strong></span> <span class='ocrx_word' id='word_1_62' title='bbox 1301 757 1480 819; x_wconf 73' lang='lat' dir='ltr'><strong>potuit?</strong></span> 
     </span>
     <span class='ocr_line' id='line_1_9' title="bbox 197 825 1479 890; baseline 0.009 -22"><span class='ocrx_word' id='word_1_63' title='bbox 197 841 334 869; x_wconf 86' lang='lat' dir='ltr'><strong>unum</strong></span> <span class='ocrx_word' id='word_1_64' title='bbox 354 841 424 870; x_wconf 90' lang='lat' dir='ltr'><strong>me</strong></span> <span class='ocrx_word' id='word_1_65' title='bbox 443 825 628 873; x_wconf 79' lang='lat' dir='ltr'><strong>donavit</strong></span> <span class='ocrx_word' id='word_1_66' title='bbox 651 826 853 873; x_wconf 88' lang='lat' dir='ltr'><strong>omnibus</strong></span> <span class='ocrx_word' id='word_1_67' title='bbox 873 844 884 873; x_wconf 75' lang='grc' dir='ltr'><strong><em>ε</em></strong></span> <span class='ocrx_word' id='word_1_68' title='bbox 911 826 986 874; x_wconf 88' lang='lat' dir='ltr'><strong>uni</strong></span> <span class='ocrx_word' id='word_1_69' title='bbox 1008 828 1115 873; x_wconf 84' lang='lat' dir='ltr'><strong>mihi</strong></span> <span class='ocrx_word' id='word_1_70' title='bbox 1132 828 1302 876; x_wconf 82' lang='lat' dir='ltr'><strong>omnes.</strong></span> <span class='ocrx_word' id='word_1_71' title='bbox 1331 832 1479 890; x_wconf 87' lang='lat' dir='ltr'><strong>Quid-</strong></span> 
     </span>
    </p>
   </div>
   <div class='ocr_carea' id='block_1_5' title="bbox 196 885 1592 966">
    <p class='ocr_par' dir='ltr' id='par_1_5' title="bbox 196 885 1592 966">
     <span class='ocr_line' id='line_1_10' title="bbox 196 885 1592 966; baseline 0.006 -25"><span class='ocrx_word' id='word_1_72' title='bbox 196 894 304 957; x_wconf 82' lang='lat' dir='ltr'>quid</span> <span class='ocrx_word' id='word_1_73' title='bbox 330 896 532 951; x_wconf 89' lang='lat' dir='ltr'><strong>habebo,</strong></span> <span class='ocrx_word' id='word_1_74' title='bbox 563 914 645 943; x_wconf 89' lang='lat' dir='ltr'><strong>nec</strong></span> <span class='ocrx_word' id='word_1_75' title='bbox 682 896 854 943; x_wconf 87' lang='lat' dir='ltr'><strong>sordide</strong></span> <span class='ocrx_word' id='word_1_76' title='bbox 885 897 1158 958; x_wconf 86' lang='lat' dir='ltr'><strong>custodiam,</strong></span> <span class='ocrx_word' id='word_1_77' title='bbox 1183 893 1266 947; x_wconf 84' lang='lat' dir='ltr'><strong>nec</strong></span> <span class='ocrx_word' id='word_1_78' title='bbox 1291 902 1478 966; x_wconf 85' lang='lat' dir='ltr'><strong>prodige</strong></span> <span class='ocrx_word' id='word_1_79' title='bbox 1532 900 1534 906; x_wconf 65' lang='grc'>’</span> <span class='ocrx_word' id='word_1_80' title='bbox 1590 885 1592 887; x_wconf 25' lang='lat'>¹</span> 
     </span>
    </p>
   </div>
   <div class='ocr_carea' id='block_1_6' title="bbox 194 969 1531 2494">
    <p class='ocr_par' dir='ltr' id='par_1_6' title="bbox 194 969 1531 2494">
     <span class='ocr_line' id='line_1_11' title="bbox 196 969 1477 1035; baseline 0.005 -21"><span class='ocrx_word' id='word_1_81' title='bbox 196 969 406 1033; x_wconf 75' lang='lat' dir='ltr'><strong>spargam.</strong></span> <span class='ocrx_word' id='word_1_82' title='bbox 441 970 549 1017; x_wconf 87' lang='lat' dir='ltr'><strong>nihil</strong></span> <span class='ocrx_word' id='word_1_83' title='bbox 578 971 716 1034; x_wconf 85' lang='lat' dir='ltr'><strong>magis</strong></span> <span class='ocrx_word' id='word_1_84' title='bbox 750 970 966 1033; x_wconf 83' lang='lat' dir='ltr'><strong>possidere</strong></span> <span class='ocrx_word' id='word_1_85' title='bbox 997 988 1069 1018; x_wconf 87' lang='lat' dir='ltr'><strong>me</strong></span> <span class='ocrx_word' id='word_1_86' title='bbox 1102 971 1306 1030; x_wconf 85' lang='lat' dir='ltr'><strong>credam,</strong></span> <span class='ocrx_word' id='word_1_87' title='bbox 1344 990 1477 1035; x_wconf 87' lang='lat' dir='ltr'><strong>quam</strong></span> 
     </span>
     <span class='ocr_line' id='line_1_12' title="bbox 197 1040 1478 1104; baseline 0.003 -18"><span class='ocrx_word' id='word_1_88' title='bbox 197 1040 309 1088; x_wconf 87' lang='lat' dir='ltr'><strong>bene</strong></span> <span class='ocrx_word' id='word_1_89' title='bbox 332 1042 492 1088; x_wconf 85' lang='lat' dir='ltr'><strong>donata</strong></span> <span class='ocrx_word' id='word_1_90' title='bbox 514 1060 526 1087; x_wconf 70' lang='grc' dir='ltr'>ε</span> <span class='ocrx_word' id='word_1_91' title='bbox 547 1058 638 1088; x_wconf 91' lang='lat' dir='ltr'><strong>non</strong></span> <span class='ocrx_word' id='word_1_92' title='bbox 660 1059 848 1090; x_wconf 88' lang='lat' dir='ltr'><strong>numero</strong></span> <span class='ocrx_word' id='word_1_93' title='bbox 863 1077 876 1099; x_wconf 92' lang='lat'>,</span> <span class='ocrx_word' id='word_1_94' title='bbox 904 1059 984 1089; x_wconf 87' lang='lat' dir='ltr'><strong>nec</strong></span> <span class='ocrx_word' id='word_1_95' title='bbox 1012 1042 1210 1104; x_wconf 87' lang='lat' dir='ltr'><strong>pondere</strong></span> <span class='ocrx_word' id='word_1_96' title='bbox 1238 1041 1446 1097; x_wconf 79' lang='lat' dir='ltr'><strong>beneficia</strong></span> <span class='ocrx_word' id='word_1_97' title='bbox 1461 1079 1478 1101; x_wconf 88' lang='lat'>‚</span> 
     </span>
     <span class='ocr_line' id='line_1_13' title="bbox 197 1114 1477 1178; baseline 0.004 -19"><span class='ocrx_word' id='word_1_98' title='bbox 197 1131 278 1160; x_wconf 86' lang='lat' dir='ltr'><strong>nec</strong></span> <span class='ocrx_word' id='word_1_99' title='bbox 294 1114 402 1171; x_wconf 89' lang='lat' dir='ltr'><strong>ulla,</strong></span> <span class='ocrx_word' id='word_1_100' title='bbox 418 1115 494 1161; x_wconf 81' lang='lat' dir='ltr'><strong>nifi</strong></span> <span class='ocrx_word' id='word_1_101' title='bbox 514 1116 767 1178; x_wconf 84' lang='lat' dir='ltr'><strong>accipientis</strong></span> <span class='ocrx_word' id='word_1_102' title='bbox 784 1115 1084 1163; x_wconf 85' lang='lat' dir='ltr'><strong>aestimatione</strong></span> <span class='ocrx_word' id='word_1_103' title='bbox 1102 1151 1114 1173; x_wconf 92' lang='lat'><strong>‚</strong></span> <span class='ocrx_word' id='word_1_104' title='bbox 1135 1116 1335 1177; x_wconf 84' lang='lat' dir='ltr'><strong>pendam.</strong></span> <span class='ocrx_word' id='word_1_105' title='bbox 1354 1117 1396 1162; x_wconf 91' lang='lat' dir='ltr'>N</span> <span class='ocrx_word' id='word_1_106' title='bbox 1401 1135 1477 1164; x_wconf 87' lang='lat' dir='ltr'><strong>un-</strong></span> 
     </span>
     <span class='ocr_line' id='line_1_14' title="bbox 195 1188 1475 1253; baseline 0.006 -21"><span class='ocrx_word' id='word_1_107' title='bbox 195 1205 326 1248; x_wconf 85' lang='lat' dir='ltr'><strong>quam</strong></span> <span class='ocrx_word' id='word_1_108' title='bbox 356 1188 401 1234; x_wconf 87' lang='lat' dir='ltr'><strong>id</strong></span> <span class='ocrx_word' id='word_1_109' title='bbox 429 1189 538 1235; x_wconf 79' lang='lat' dir='ltr'><strong>mihi</strong></span> <span class='ocrx_word' id='word_1_110' title='bbox 574 1189 759 1236; x_wconf 86' lang='lat' dir='ltr'><strong>multum</strong></span> <span class='ocrx_word' id='word_1_111' title='bbox 792 1190 903 1247; x_wconf 87' lang='lat' dir='ltr'><strong>erit,</strong></span> <span class='ocrx_word' id='word_1_112' title='bbox 932 1189 1054 1252; x_wconf 88' lang='lat' dir='ltr'><strong>quod</strong></span> <span class='ocrx_word' id='word_1_113' title='bbox 1088 1189 1244 1253; x_wconf 87' lang='lat' dir='ltr'><strong>dignus</strong></span> <span class='ocrx_word' id='word_1_114' title='bbox 1276 1190 1475 1253; x_wconf 85' lang='lat' dir='ltr'><strong>accipiet.</strong></span> 
     </span>
     <span class='ocr_line' id='line_1_15' title="bbox 197 1261 1473 1323; baseline 0.005 -18"><span class='ocrx_word' id='word_1_115' title='bbox 197 1261 318 1306; x_wconf 86' lang='lat' dir='ltr'><strong>Nihil</strong></span> <span class='ocrx_word' id='word_1_116' title='bbox 353 1261 589 1323; x_wconf 63' lang='lat' dir='ltr'><strong>opinionis,</strong></span> <span class='ocrx_word' id='word_1_117' title='bbox 609 1262 758 1319; x_wconf 84' lang='lat' dir='ltr'><strong>causa,</strong></span> <span class='ocrx_word' id='word_1_118' title='bbox 786 1261 936 1308; x_wconf 88' lang='lat' dir='ltr'><strong>omnia</strong></span> <span class='ocrx_word' id='word_1_119' title='bbox 967 1262 1257 1309; x_wconf 81' lang='lat' dir='ltr'><strong>conscientiae</strong></span> <span class='ocrx_word' id='word_1_120' title='bbox 1284 1263 1437 1311; x_wconf 85' lang='lat' dir='ltr'><strong>faciam</strong></span> <span class='ocrx_word' id='word_1_121' title='bbox 1459 1283 1473 1312; x_wconf 77' lang='lat' dir='ltr'><strong>t</strong></span> 
     </span>
     <span class='ocr_line' id='line_1_16' title="bbox 195 1333 1510 1405; baseline 0 -27"><span class='ocrx_word' id='word_1_122' title='bbox 195 1334 367 1395; x_wconf 86' lang='lat' dir='ltr'><strong>populo</strong></span> <span class='ocrx_word' id='word_1_123' title='bbox 390 1333 619 1396; x_wconf 30' lang='lat' dir='ltr'><strong>tessgafieri</strong></span> <span class='ocrx_word' id='word_1_124' title='bbox 647 1335 820 1380; x_wconf 83' lang='lat' dir='ltr'><strong>credam</strong></span> <span class='ocrx_word' id='word_1_125' title='bbox 837 1370 850 1390; x_wconf 92' lang='lat'>‚</span> <span class='ocrx_word' id='word_1_126' title='bbox 880 1334 1099 1397; x_wconf 79' lang='lat' dir='ltr'><strong>quidquid</strong></span> <span class='ocrx_word' id='word_1_127' title='bbox 1125 1352 1196 1381; x_wconf 89' lang='lat' dir='ltr'><strong>me</strong></span> <span class='ocrx_word' id='word_1_128' title='bbox 1229 1336 1383 1405; x_wconf 32' lang='grc' dir='ltr'><strong>ῃὸςζςωὶρἸ</strong></span> <span class='ocrx_word' id='word_1_129' title='bbox 1406 1337 1475 1384; x_wconf 82' lang='lat' dir='ltr'><strong>fa-</strong></span> <span class='ocrx_word' id='word_1_130' title='bbox 1504 1374 1510 1378; x_wconf 86' lang='lat'><em>.</em></span> 
     </span>
     <span class='ocr_line' id='line_1_17' title="bbox 195 1406 1523 1471; baseline 0.005 -20"><span class='ocrx_word' id='word_1_131' title='bbox 195 1406 320 1453; x_wconf 82' lang='lat' dir='ltr'><strong>ciam.</strong></span> <span class='ocrx_word' id='word_1_132' title='bbox 358 1408 529 1454; x_wconf 86' lang='lat' dir='ltr'><strong>Edendi</strong></span> <span class='ocrx_word' id='word_1_133' title='bbox 553 1408 636 1454; x_wconf 90' lang='lat' dir='ltr'><strong>erit</strong></span> <span class='ocrx_word' id='word_1_134' title='bbox 667 1407 932 1471; x_wconf 82' lang='lat' dir='ltr'><strong>bibendique</strong></span> <span class='ocrx_word' id='word_1_135' title='bbox 959 1407 1080 1465; x_wconf 76' lang='lat' dir='ltr'><strong>finis,</strong></span> <span class='ocrx_word' id='word_1_136' title='bbox 1114 1409 1322 1456; x_wconf 76' lang='lat' dir='ltr'><strong>desideria</strong></span> <span class='ocrx_word' id='word_1_137' title='bbox 1347 1408 1475 1458; x_wconf 70' lang='lat' dir='ltr'><strong>natu-</strong></span> <span class='ocrx_word' id='word_1_138' title='bbox 1519 1421 1523 1424; x_wconf 82' lang='lat'>&#39;</span> 
     </span>
     <span class='ocr_line' id='line_1_18' title="bbox 194 1481 1473 1545; baseline 0.005 -19"><span class='ocrx_word' id='word_1_139' title='bbox 194 1497 265 1528; x_wconf 84' lang='lat' dir='ltr'><strong>rae</strong></span> <span class='ocrx_word' id='word_1_140' title='bbox 294 1481 587 1545; x_wconf 81' lang='lat' dir='ltr'><strong>restinguere,</strong></span> <span class='ocrx_word' id='word_1_141' title='bbox 615 1498 707 1528; x_wconf 88' lang='lat' dir='ltr'><strong>non</strong></span> <span class='ocrx_word' id='word_1_142' title='bbox 743 1482 924 1545; x_wconf 76' lang='lat' dir='ltr'><strong>implere</strong></span> <span class='ocrx_word' id='word_1_143' title='bbox 957 1483 1103 1529; x_wconf 76' lang='lat' dir='ltr'><strong>alvum</strong></span> <span class='ocrx_word' id='word_1_144' title='bbox 1125 1519 1139 1539; x_wconf 88' lang='lat'><em>‚</em></span> <span class='ocrx_word' id='word_1_145' title='bbox 1166 1498 1209 1530; x_wconf 89' lang='lat' dir='ltr'><strong>et</strong></span> <span class='ocrx_word' id='word_1_146' title='bbox 1235 1483 1473 1532; x_wconf 83' lang='lat' dir='ltr'><strong>exinanire.</strong></span> 
     </span>
     <span class='ocr_line' id='line_1_19' title="bbox 195 1553 1480 1616; baseline 0.006 -18"><span class='ocrx_word' id='word_1_147' title='bbox 195 1555 293 1616; x_wconf 82' lang='lat' dir='ltr'><strong>Ego</strong></span> <span class='ocrx_word' id='word_1_148' title='bbox 322 1555 472 1601; x_wconf 86' lang='lat' dir='ltr'><strong>amicis</strong></span> <span class='ocrx_word' id='word_1_149' title='bbox 504 1553 744 1612; x_wconf 79' lang='lat' dir='ltr'><strong>iucundus,</strong></span> <span class='ocrx_word' id='word_1_150' title='bbox 773 1554 963 1601; x_wconf 84' lang='lat' dir='ltr'><strong>inimicis</strong></span> <span class='ocrx_word' id='word_1_151' title='bbox 989 1555 1107 1601; x_wconf 86' lang='lat' dir='ltr'><strong>mitis</strong></span> <span class='ocrx_word' id='word_1_152' title='bbox 1135 1568 1178 1601; x_wconf 91' lang='lat' dir='ltr'><strong>et</strong></span> <span class='ocrx_word' id='word_1_153' title='bbox 1202 1555 1362 1613; x_wconf 82' lang='lat' dir='ltr'><strong>facilis,</strong></span> <span class='ocrx_word' id='word_1_154' title='bbox 1398 1575 1480 1607; x_wconf 63' lang='lat' dir='ltr'><strong>exo</strong></span> 
     </span>
     <span class='ocr_line' id='line_1_20' title="bbox 194 1626 1476 1690; baseline 0.006 -20"><span class='ocrx_word' id='word_1_155' title='bbox 194 1626 358 1673; x_wconf 70' lang='lat' dir='ltr'><strong>orabor</strong></span> <span class='ocrx_word' id='word_1_156' title='bbox 378 1639 607 1690; x_wconf 80' lang='lat' dir='ltr'><strong>antequam</strong></span> <span class='ocrx_word' id='word_1_157' title='bbox 628 1644 778 1690; x_wconf 86' lang='lat' dir='ltr'><strong>roger,</strong></span> <span class='ocrx_word' id='word_1_158' title='bbox 793 1627 985 1674; x_wconf 83' lang='lat' dir='ltr'><strong>honestis</strong></span> <span class='ocrx_word' id='word_1_159' title='bbox 1009 1627 1209 1690; x_wconf 85' lang='lat' dir='ltr'><strong>precibus</strong></span> <span class='ocrx_word' id='word_1_160' title='bbox 1226 1645 1476 1680; x_wconf 84' lang='lat' dir='ltr'><strong>occurram.</strong></span> 
     </span>
     <span class='ocr_line' id='line_1_21' title="bbox 196 1701 1471 1762; baseline 0.005 -16"><span class='ocrx_word' id='word_1_161' title='bbox 196 1702 379 1747; x_wconf 81' lang='lat' dir='ltr'><strong>Pati-iam</strong></span> <span class='ocrx_word' id='word_1_162' title='bbox 396 1718 537 1748; x_wconf 86' lang='lat' dir='ltr'><strong>meam</strong></span> <span class='ocrx_word' id='word_1_163' title='bbox 555 1701 641 1748; x_wconf 84' lang='lat' dir='ltr'><strong>effe</strong></span> <span class='ocrx_word' id='word_1_164' title='bbox 659 1702 872 1748; x_wconf 88' lang='lat' dir='ltr'><strong>mundum</strong></span> <span class='ocrx_word' id='word_1_165' title='bbox 887 1702 1036 1758; x_wconf 84' lang='lat' dir='ltr'><strong>sciam,</strong></span> <span class='ocrx_word' id='word_1_166' title='bbox 1049 1714 1092 1746; x_wconf 90' lang='lat' dir='ltr'><strong>et</strong></span> <span class='ocrx_word' id='word_1_167' title='bbox 1113 1702 1322 1762; x_wconf 86' lang='lat' dir='ltr'><strong>praefides</strong></span> <span class='ocrx_word' id='word_1_168' title='bbox 1340 1705 1471 1752; x_wconf 85' lang='lat' dir='ltr'><strong>deos:</strong></span> 
     </span>
     <span class='ocr_line' id='line_1_22' title="bbox 194 1774 1473 1839; baseline 0.002 -17"><span class='ocrx_word' id='word_1_169' title='bbox 194 1777 277 1822; x_wconf 81' lang='lat' dir='ltr'><strong>hos</strong></span> <span class='ocrx_word' id='word_1_170' title='bbox 308 1776 432 1839; x_wconf 84' lang='lat' dir='ltr'><strong>supra</strong></span> <span class='ocrx_word' id='word_1_171' title='bbox 466 1793 561 1834; x_wconf 89' lang='lat' dir='ltr'><strong>me,</strong></span> <span class='ocrx_word' id='word_1_172' title='bbox 595 1777 798 1839; x_wconf 83' lang='lat' dir='ltr'><strong>circaque</strong></span> <span class='ocrx_word' id='word_1_173' title='bbox 825 1791 896 1821; x_wconf 90' lang='lat' dir='ltr'><strong>me</strong></span> <span class='ocrx_word' id='word_1_174' title='bbox 924 1774 1055 1830; x_wconf 86' lang='lat' dir='ltr'><strong>stare,</strong></span> <span class='ocrx_word' id='word_1_175' title='bbox 1082 1775 1299 1821; x_wconf 64' lang='lat' dir='ltr'><strong>factorum</strong></span> <span class='ocrx_word' id='word_1_176' title='bbox 1327 1777 1473 1824; x_wconf 59' lang='lat' dir='ltr'><strong>diffite-</strong></span> 
     </span>
     <span class='ocr_line' id='line_1_23' title="bbox 194 1847 1473 1912; baseline 0.003 -19"><span class='ocrx_word' id='word_1_177' title='bbox 194 1865 379 1911; x_wconf 83' lang='lat' dir='ltr'><strong>rumque</strong></span> <span class='ocrx_word' id='word_1_178' title='bbox 401 1847 613 1895; x_wconf 83' lang='lat' dir='ltr'><strong>censores.</strong></span> <span class='ocrx_word' id='word_1_179' title='bbox 645 1848 1017 1910; x_wconf 73' lang='lat' dir='ltr'><strong>Quandocunque</strong></span> <span class='ocrx_word' id='word_1_180' title='bbox 1040 1861 1193 1896; x_wconf 69' lang='lat' dir='ltr'><strong>autem</strong></span> <span class='ocrx_word' id='word_1_181' title='bbox 1210 1862 1361 1896; x_wconf 89' lang='lat' dir='ltr'><strong>natura</strong></span> <span class='ocrx_word' id='word_1_182' title='bbox 1386 1850 1473 1912; x_wconf 86' lang='lat' dir='ltr'><strong>spi-</strong></span> 
     </span>
     <span class='ocr_line' id='line_1_24' title="bbox 195 1918 1476 1985; baseline 0.001 -18"><span class='ocrx_word' id='word_1_183' title='bbox 195 1923 326 1968; x_wconf 76' lang='lat' dir='ltr'><strong>ritum</strong></span> <span class='ocrx_word' id='word_1_184' title='bbox 347 1933 539 1985; x_wconf 87' lang='lat' dir='ltr'><strong>repetet,</strong></span> <span class='ocrx_word' id='word_1_185' title='bbox 560 1934 634 1968; x_wconf 87' lang='lat' dir='ltr'><strong>aut</strong></span> <span class='ocrx_word' id='word_1_186' title='bbox 652 1921 764 1968; x_wconf 89' lang='lat' dir='ltr'><strong>ratio</strong></span> <span class='ocrx_word' id='word_1_187' title='bbox 785 1920 998 1977; x_wconf 77' lang='lat' dir='ltr'><strong>dimittet,</strong></span> <span class='ocrx_word' id='word_1_188' title='bbox 1018 1918 1189 1966; x_wconf 84' lang='lat' dir='ltr'><strong>testatus</strong></span> <span class='ocrx_word' id='word_1_189' title='bbox 1212 1921 1370 1979; x_wconf 79' lang='lat' dir='ltr'><strong>exibo,</strong></span> <span class='ocrx_word' id='word_1_190' title='bbox 1392 1923 1476 1968; x_wconf 82' lang='lat' dir='ltr'><strong>bo—</strong></span> 
     </span>
     <span class='ocr_line' id='line_1_25' title="bbox 194 1991 1475 2047; baseline 0.002 -8"><span class='ocrx_word' id='word_1_191' title='bbox 194 2012 294 2040; x_wconf 83' lang='lat' dir='ltr'><strong>nam</strong></span> <span class='ocrx_word' id='word_1_192' title='bbox 318 2011 387 2041; x_wconf 87' lang='lat' dir='ltr'><strong>me</strong></span> <span class='ocrx_word' id='word_1_193' title='bbox 419 1995 731 2042; x_wconf 81' lang='lat' dir='ltr'><strong>conscientiam</strong></span> <span class='ocrx_word' id='word_1_194' title='bbox 756 1992 942 2047; x_wconf 71' lang='lat' dir='ltr'><strong>amasse,</strong></span> <span class='ocrx_word' id='word_1_195' title='bbox 977 1992 1093 2038; x_wconf 80' lang='lat' dir='ltr'><strong>bona</strong></span> <span class='ocrx_word' id='word_1_196' title='bbox 1115 1991 1252 2039; x_wconf 87' lang='lat' dir='ltr'><strong>studia</strong></span> <span class='ocrx_word' id='word_1_197' title='bbox 1277 2011 1287 2039; x_wconf 75' lang='grc' dir='ltr'><em>τ</em></span> <span class='ocrx_word' id='word_1_198' title='bbox 1319 1994 1475 2042; x_wconf 82' lang='lat' dir='ltr'><strong>nullius</strong></span> 
     </span>
     <span class='ocr_line' id='line_1_26' title="bbox 195 2064 1346 2132; baseline 0 -20"><span class='ocrx_word' id='word_1_199' title='bbox 195 2085 275 2132; x_wconf 85' lang='lat' dir='ltr'><strong>per</strong></span> <span class='ocrx_word' id='word_1_200' title='bbox 305 2085 374 2114; x_wconf 89' lang='lat' dir='ltr'><strong>me</strong></span> <span class='ocrx_word' id='word_1_201' title='bbox 399 2067 643 2115; x_wconf 85' lang='lat' dir='ltr'><strong>libertatem</strong></span> <span class='ocrx_word' id='word_1_202' title='bbox 669 2067 953 2121; x_wconf 81' lang='lat' dir='ltr'><strong>diminutam,</strong></span> <span class='ocrx_word' id='word_1_203' title='bbox 986 2064 1165 2112; x_wconf 87' lang='lat' dir='ltr'><strong>minime</strong></span> <span class='ocrx_word' id='word_1_204' title='bbox 1190 2083 1346 2112; x_wconf 86' lang='lat' dir='ltr'><strong>meam.</strong></span> 
     </span>
     <span class='ocr_line' id='line_1_27' title="bbox 262 2138 1475 2201; baseline -0.002 -14"><span class='ocrx_word' id='word_1_205' title='bbox 262 2142 391 2187; x_wconf 79' lang='lat' dir='ltr'>XXI.</span> <span class='ocrx_word' id='word_1_206' title='bbox 418 2142 511 2201; x_wconf 81' lang='lat' dir='ltr'><strong>Qui</strong></span> <span class='ocrx_word' id='word_1_207' title='bbox 534 2142 620 2187; x_wconf 79' lang='lat' dir='ltr'><strong>hoc</strong></span> <span class='ocrx_word' id='word_1_208' title='bbox 646 2140 789 2187; x_wconf 79' lang='lat' dir='ltr'><strong>facere</strong></span> <span class='ocrx_word' id='word_1_209' title='bbox 814 2150 1037 2201; x_wconf 83' lang='lat' dir='ltr'><strong>proponet</strong></span> <span class='ocrx_word' id='word_1_210' title='bbox 1053 2173 1066 2195; x_wconf 91' lang='lat'>‚</span> <span class='ocrx_word' id='word_1_211' title='bbox 1091 2138 1242 2196; x_wconf 88' lang='lat' dir='ltr'><strong>volet,</strong></span> <span class='ocrx_word' id='word_1_212' title='bbox 1267 2138 1475 2198; x_wconf 82' lang='lat' dir='ltr'><strong>tentabit,</strong></span> 
     </span>
     <span class='ocr_line' id='line_1_28' title="bbox 196 2211 1531 2276; baseline 0.001 -18"><span class='ocrx_word' id='word_1_213' title='bbox 196 2214 251 2259; x_wconf 81' lang='lat' dir='ltr'><strong>ad</strong></span> <span class='ocrx_word' id='word_1_214' title='bbox 279 2215 385 2259; x_wconf 82' lang='lat' dir='ltr'><strong>deos</strong></span> <span class='ocrx_word' id='word_1_215' title='bbox 411 2213 493 2260; x_wconf 87' lang='lat' dir='ltr'><strong>iter</strong></span> <span class='ocrx_word' id='word_1_216' title='bbox 518 2213 681 2261; x_wconf 89' lang='lat' dir='ltr'><strong>faciet:</strong></span> <span class='ocrx_word' id='word_1_217' title='bbox 708 2220 788 2276; x_wconf 48' lang='lat' dir='ltr'><strong>nae</strong></span> <span class='ocrx_word' id='word_1_218' title='bbox 814 2213 913 2267; x_wconf 88' lang='lat' dir='ltr'><strong>ille,</strong></span> <span class='ocrx_word' id='word_1_219' title='bbox 938 2211 1104 2257; x_wconf 84' lang='lat' dir='ltr'><strong>etiamsi</strong></span> <span class='ocrx_word' id='word_1_220' title='bbox 1134 2228 1225 2257; x_wconf 90' lang='lat' dir='ltr'><strong>non</strong></span> <span class='ocrx_word' id='word_1_221' title='bbox 1255 2213 1441 2259; x_wconf 87' lang='lat' dir='ltr'><strong>tenuerit</strong></span> <span class='ocrx_word' id='word_1_222' title='bbox 1458 2248 1475 2272; x_wconf 89' lang='lat'>‚</span> <span class='ocrx_word' id='word_1_223' title='bbox 1528 2270 1531 2272; x_wconf 5' lang='grc' dir='ltr'>μ</span> 
     </span>
     <span class='ocr_line' id='line_1_29' title="bbox 195 2280 1526 2350; baseline -0.002 -18"><span class='ocrx_word' id='word_1_224' title='bbox 195 2287 366 2350; x_wconf 75' lang='lat' dir='ltr'><strong>magnis</strong></span> <span class='ocrx_word' id='word_1_225' title='bbox 391 2297 536 2332; x_wconf 81' lang='lat' dir='ltr'><strong>tamen</strong></span> <span class='ocrx_word' id='word_1_226' title='bbox 561 2287 732 2334; x_wconf 84' lang='lat' dir='ltr'><strong>excidet</strong></span> <span class='ocrx_word' id='word_1_227' title='bbox 756 2285 876 2332; x_wconf 74' lang='lat' dir='ltr'><strong>ausis.</strong></span> <span class='ocrx_word' id='word_1_228' title='bbox 918 2288 1015 2331; x_wconf 85' lang='lat' dir='ltr'><strong>Vos</strong></span> <span class='ocrx_word' id='word_1_229' title='bbox 1043 2284 1243 2347; x_wconf 87' lang='lat' dir='ltr'><strong>quidem,</strong></span> <span class='ocrx_word' id='word_1_230' title='bbox 1276 2284 1364 2347; x_wconf 58' lang='lat' dir='ltr'><strong>qui.</strong></span> <span class='ocrx_word' id='word_1_231' title='bbox 1375 2285 1473 2333; x_wconf 87' lang='lat' dir='ltr'><strong>vir-</strong></span> <span class='ocrx_word' id='word_1_232' title='bbox 1523 2280 1526 2312; x_wconf 81' lang='lat'><em>3</em></span> 
     </span>
     <span class='ocr_line' id='line_1_30' title="bbox 195 2354 1520 2421; baseline 0.002 -17"><span class='ocrx_word' id='word_1_233' title='bbox 195 2372 334 2404; x_wconf 80' lang='lat' dir='ltr'><strong>tutem</strong></span> <span class='ocrx_word' id='word_1_234' title='bbox 367 2357 669 2421; x_wconf 78' lang='lat' dir='ltr'><strong>cultoremque</strong></span> <span class='ocrx_word' id='word_1_235' title='bbox 700 2357 791 2405; x_wconf 89' lang='lat' dir='ltr'><strong>eius</strong></span> <span class='ocrx_word' id='word_1_236' title='bbox 824 2357 1001 2412; x_wconf 82' lang='lat' dir='ltr'><strong>odistis,</strong></span> <span class='ocrx_word' id='word_1_237' title='bbox 1037 2356 1143 2403; x_wconf 87' lang='lat' dir='ltr'><strong>nihil</strong></span> <span class='ocrx_word' id='word_1_238' title='bbox 1175 2355 1284 2403; x_wconf 89' lang='lat' dir='ltr'><strong>novi</strong></span> <span class='ocrx_word' id='word_1_239' title='bbox 1319 2354 1475 2406; x_wconf 89' lang='lat' dir='ltr'><strong>facitis.</strong></span> <span class='ocrx_word' id='word_1_240' title='bbox 1516 2358 1520 2361; x_wconf 53' lang='lat'>⁷</span> 
     </span>
     <span class='ocr_line' id='line_1_31' title="bbox 197 2429 1471 2494; baseline -0.002 -16"><span class='ocrx_word' id='word_1_241' title='bbox 197 2449 298 2478; x_wconf 85' lang='lat' dir='ltr'><strong>nam</strong></span> <span class='ocrx_word' id='word_1_242' title='bbox 325 2444 368 2477; x_wconf 89' lang='lat' dir='ltr'><strong>et</strong></span> <span class='ocrx_word' id='word_1_243' title='bbox 391 2430 526 2477; x_wconf 87' lang='lat' dir='ltr'><strong>solem</strong></span> <span class='ocrx_word' id='word_1_244' title='bbox 556 2431 720 2478; x_wconf 87' lang='lat' dir='ltr'><strong>lumina</strong></span> <span class='ocrx_word' id='word_1_245' title='bbox 746 2446 870 2494; x_wconf 81' lang='lat' dir='ltr'><strong>aegra</strong></span> <span class='ocrx_word' id='word_1_246' title='bbox 899 2429 1168 2485; x_wconf 86' lang='lat' dir='ltr'><strong>formidant,</strong></span> <span class='ocrx_word' id='word_1_247' title='bbox 1192 2440 1235 2476; x_wconf 92' lang='lat' dir='ltr'><strong>et</strong></span> <span class='ocrx_word' id='word_1_248' title='bbox 1262 2429 1471 2485; x_wconf 32' lang='lat' dir='ltr'><strong>aversan-</strong></span> 
     </span>
    </p>
   </div>
   <div class='ocr_carea' id='block_1_7' title="bbox 194 2502 1471 2616">
    <p class='ocr_par' dir='ltr' id='par_1_7' title="bbox 194 2502 1471 2616">
     <span class='ocr_line' id='line_1_32' title="bbox 194 2502 1471 2614; baseline -0.002 -60"><span class='ocrx_word' id='word_1_249' title='bbox 194 2518 267 2554; x_wconf 78' lang='lat' dir='ltr'><strong>tur</strong></span> <span class='ocrx_word' id='word_1_250' title='bbox 300 2504 417 2553; x_wconf 82' lang='lat' dir='ltr'><strong>diem</strong></span> <span class='ocrx_word' id='word_1_251' title='bbox 447 2502 722 2570; x_wconf 83' lang='lat' dir='ltr'><strong>splendidum</strong></span> <span class='ocrx_word' id='word_1_252' title='bbox 759 2506 972 2553; x_wconf 63' lang='lat' dir='ltr'><strong>nocturna</strong></span> <span class='ocrx_word' id='word_1_253' title='bbox 1001 2502 1232 2614; x_wconf 34' lang='lat' dir='ltr'><strong>animali&amp;</strong></span> <span class='ocrx_word' id='word_1_254' title='bbox 1268 2519 1381 2568; x_wconf 83' lang='lat' dir='ltr'><strong>quae</strong></span> <span class='ocrx_word' id='word_1_255' title='bbox 1415 2503 1471 2551; x_wconf 81' lang='lat' dir='ltr'><strong>ad</strong></span> 
     </span>
     <span class='ocr_line' id='line_1_33' title="bbox 1199 2585 1226 2616; baseline 0 0"><span class='ocrx_word' id='word_1_256' title='bbox 1199 2585 1226 2616; x_wconf 60' lang='grc' dir='ltr'><strong><em>κ</em></strong></span> 
     </span>
    </p>
   </div>
  </div>
 </body>
</html>
