<?xml version="1.0" encoding="UTF-8"?>
<!DOCTYPE html PUBLIC "-//W3C//DTD XHTML 1.0 Transitional//EN"
    "http://www.w3.org/TR/xhtml1/DTD/xhtml1-transitional.dtd">
<html xmlns="http://www.w3.org/1999/xhtml" xml:lang="en" lang="en">
 <head>
  <title>
</title>
<meta http-equiv="Content-Type" content="text/html;charset=utf-8" />
  <meta name='ocr-system' content='tesseract 3.04.00' />
  <meta name='ocr-capabilities' content='ocr_page ocr_carea ocr_par ocr_line ocrx_word'/>
</head>
<body>
  <div class='ocr_page' id='page_1' title='image "./lannaeisenecaeph02seneuoft_0293.png"; bbox 0 0 1742 2967; ppageno 0'>
   <div class='ocr_carea' id='block_1_1' title="bbox 347 164 1426 253">
    <p class='ocr_par' dir='ltr' id='par_1_1' title="bbox 347 164 1426 253">
     <span class='ocr_line' id='line_1_1' title="bbox 347 164 1426 253; baseline 0.002 -19"><span class='ocrx_word' id='word_1_1' title='bbox 347 187 447 234; x_wconf 73' lang='lat' dir='ltr'>DE</span> <span class='ocrx_word' id='word_1_2' title='bbox 491 164 921 233; x_wconf 69' lang='lat' dir='ltr'><strong>BE-NEFICHS</strong></span> <span class='ocrx_word' id='word_1_3' title='bbox 970 168 1096 232; x_wconf 65' lang='lat'>[113.</span> <span class='ocrx_word' id='word_1_4' title='bbox 1145 191 1202 235; x_wconf 91' lang='lat' dir='ltr'>V.</span> <span class='ocrx_word' id='word_1_5' title='bbox 1335 191 1426 253; x_wconf 86' lang='lat'>269</span> 
     </span>
    </p>
   </div>
   <div class='ocr_carea' id='block_1_2' title="bbox 132 294 1450 2536">
    <p class='ocr_par' dir='ltr' id='par_1_2' title="bbox 132 294 1450 2536">
     <span class='ocr_line' id='line_1_2' title="bbox 151 294 1433 359; baseline 0.002 -17"><span class='ocrx_word' id='word_1_6' title='bbox 151 299 449 359; x_wconf 65' lang='lat' dir='ltr'>imperatore,</span> <span class='ocrx_word' id='word_1_7' title='bbox 469 294 593 341; x_wconf 86' lang='lat' dir='ltr'>cuius</span> <span class='ocrx_word' id='word_1_8' title='bbox 614 294 875 341; x_wconf 79' lang='lat' dir='ltr'>memoriam</span> <span class='ocrx_word' id='word_1_9' title='bbox 901 294 1135 341; x_wconf 82' lang='lat' dir='ltr'>multitudo</span> <span class='ocrx_word' id='word_1_10' title='bbox 1157 311 1302 342; x_wconf 83' lang='lat' dir='ltr'>rerum</span> <span class='ocrx_word' id='word_1_11' title='bbox 1321 313 1433 344; x_wconf 86' lang='lat' dir='ltr'>con-</span> 
     </span>
     <span class='ocr_line' id='line_1_3' title="bbox 150 367 1432 432; baseline 0 -16"><span class='ocrx_word' id='word_1_12' title='bbox 150 369 353 416; x_wconf 76' lang='lat' dir='ltr'>fuderat?</span> <span class='ocrx_word' id='word_1_13' title='bbox 382 384 512 432; x_wconf 83' lang='lat' dir='ltr'>quem</span> <span class='ocrx_word' id='word_1_14' title='bbox 544 367 717 414; x_wconf 83' lang='lat' dir='ltr'>fortuna</span> <span class='ocrx_word' id='word_1_15' title='bbox 747 367 927 431; x_wconf 83' lang='lat' dir='ltr'>ingens,</span> <span class='ocrx_word' id='word_1_16' title='bbox 956 368 1173 416; x_wconf 80' lang='lat' dir='ltr'>exercitus</span> <span class='ocrx_word' id='word_1_17' title='bbox 1197 368 1432 430; x_wconf 86' lang='lat' dir='ltr'>disponen-</span> 
     </span>
     <span class='ocr_line' id='line_1_4' title="bbox 149 436 1431 502; baseline 0.002 -16"><span class='ocrx_word' id='word_1_18' title='bbox 149 455 238 486; x_wconf 84' lang='lat' dir='ltr'>tem</span> <span class='ocrx_word' id='word_1_19' title='bbox 260 474 275 496; x_wconf 90' lang='lat'>,</span> <span class='ocrx_word' id='word_1_20' title='bbox 309 454 400 484; x_wconf 90' lang='lat' dir='ltr'>non</span> <span class='ocrx_word' id='word_1_21' title='bbox 433 436 678 498; x_wconf 78' lang='lat' dir='ltr'>patiebatur</span> <span class='ocrx_word' id='word_1_22' title='bbox 716 438 887 502; x_wconf 76' lang='lat' dir='ltr'>singulis</span> <span class='ocrx_word' id='word_1_23' title='bbox 922 438 1130 485; x_wconf 78' lang='lat' dir='ltr'>militibus</span> <span class='ocrx_word' id='word_1_24' title='bbox 1162 438 1431 488; x_wconf 71' lang='lat' dir='ltr'>occurrere?</span> 
     </span>
     <span class='ocr_line' id='line_1_5' title="bbox 151 511 1431 574; baseline 0.002 -15"><span class='ocrx_word' id='word_1_25' title='bbox 151 514 258 559; x_wconf 91' lang='lat' dir='ltr'>Non</span> <span class='ocrx_word' id='word_1_26' title='bbox 297 511 359 557; x_wconf 87' lang='lat' dir='ltr'>est</span> <span class='ocrx_word' id='word_1_27' title='bbox 398 511 485 559; x_wconf 86' lang='lat' dir='ltr'>hoc</span> <span class='ocrx_word' id='word_1_28' title='bbox 526 525 721 574; x_wconf 82' lang='lat' dir='ltr'>repetere</span> <span class='ocrx_word' id='word_1_29' title='bbox 761 511 1026 559; x_wconf 87' lang='lat' dir='ltr'>beneficium</span> <span class='ocrx_word' id='word_1_30' title='bbox 1049 548 1062 570; x_wconf 96' lang='lat'>,</span> <span class='ocrx_word' id='word_1_31' title='bbox 1101 513 1174 560; x_wconf 87' lang='lat' dir='ltr'>sed</span> <span class='ocrx_word' id='word_1_32' title='bbox 1212 513 1431 561; x_wconf 82' lang='lat' dir='ltr'>resumere</span> 
     </span>
     <span class='ocr_line' id='line_1_6' title="bbox 150 584 1433 648; baseline 0.002 -17"><span class='ocrx_word' id='word_1_33' title='bbox 150 586 274 631; x_wconf 83' lang='lat' dir='ltr'>bono</span> <span class='ocrx_word' id='word_1_34' title='bbox 301 585 406 630; x_wconf 89' lang='lat' dir='ltr'>loco</span> <span class='ocrx_word' id='word_1_35' title='bbox 437 584 647 647; x_wconf 76' lang='lat' dir='ltr'>positum,</span> <span class='ocrx_word' id='word_1_36' title='bbox 678 596 721 632; x_wconf 91' lang='lat' dir='ltr'>et</span> <span class='ocrx_word' id='word_1_37' title='bbox 742 597 967 647; x_wconf 83' lang='lat' dir='ltr'>paratum:</span> <span class='ocrx_word' id='word_1_38' title='bbox 997 585 1049 631; x_wconf 83' lang='lat' dir='ltr'>ad</span> <span class='ocrx_word' id='word_1_39' title='bbox 1074 587 1197 648; x_wconf 88' lang='lat' dir='ltr'>quod</span> <span class='ocrx_word' id='word_1_40' title='bbox 1217 599 1361 633; x_wconf 88' lang='lat' dir='ltr'>tamen</span> <span class='ocrx_word' id='word_1_41' title='bbox 1385 599 1433 635; x_wconf 81' lang='lat' dir='ltr'>ut</span> 
     </span>
     <span class='ocr_line' id='line_1_7' title="bbox 132 657 1434 723; baseline -0.001 -15"><span class='ocrx_word' id='word_1_42' title='bbox 132 659 373 713; x_wconf 76' lang='lat' dir='ltr'><strong>sumatur,</strong></span> <span class='ocrx_word' id='word_1_43' title='bbox 404 675 556 705; x_wconf 85' lang='lat' dir='ltr'>manus</span> <span class='ocrx_word' id='word_1_44' title='bbox 591 658 856 720; x_wconf 71' lang='lat' dir='ltr'>porrigenda</span> <span class='ocrx_word' id='word_1_45' title='bbox 891 657 964 704; x_wconf 83' lang='lat' dir='ltr'>est.</span> <span class='ocrx_word' id='word_1_46' title='bbox 1003 660 1214 720; x_wconf 77' lang='lat' dir='ltr'>Repetam</span> <span class='ocrx_word' id='word_1_47' title='bbox 1250 659 1434 723; x_wconf 85' lang='lat' dir='ltr'>itaque,</span> 
     </span>
     <span class='ocr_line' id='line_1_8' title="bbox 149 728 1432 795; baseline 0.002 -18"><span class='ocrx_word' id='word_1_48' title='bbox 149 731 252 795; x_wconf 84' lang='lat' dir='ltr'>quia</span> <span class='ocrx_word' id='word_1_49' title='bbox 268 732 356 778; x_wconf 91' lang='lat' dir='ltr'>hoc</span> <span class='ocrx_word' id='word_1_50' title='bbox 373 747 446 778; x_wconf 87' lang='lat' dir='ltr'>aut</span> <span class='ocrx_word' id='word_1_51' title='bbox 459 729 706 778; x_wconf 78' lang='lat' dir='ltr'>necestitate</span> <span class='ocrx_word' id='word_1_52' title='bbox 725 728 913 776; x_wconf 58' lang='lat' dir='ltr'>faehirus</span> <span class='ocrx_word' id='word_1_53' title='bbox 931 745 1010 776; x_wconf 88' lang='lat' dir='ltr'>ero</span> <span class='ocrx_word' id='word_1_54' title='bbox 1024 765 1037 788; x_wconf 91' lang='lat'><strong><em>‚</em></strong></span> <span class='ocrx_word' id='word_1_55' title='bbox 1057 745 1130 777; x_wconf 85' lang='lat' dir='ltr'>aut</span> <span class='ocrx_word' id='word_1_56' title='bbox 1156 731 1266 778; x_wconf 79' lang='lat' dir='ltr'>illius</span> <span class='ocrx_word' id='word_1_57' title='bbox 1285 734 1432 788; x_wconf 85' lang='lat' dir='ltr'>causa,</span> 
     </span>
     <span class='ocr_line' id='line_1_9' title="bbox 150 800 1437 866; baseline 0.002 -18"><span class='ocrx_word' id='word_1_58' title='bbox 150 818 175 848; x_wconf 93' lang='lat' dir='ltr'>a</span> <span class='ocrx_word' id='word_1_59' title='bbox 200 819 293 866; x_wconf 88' lang='lat' dir='ltr'>quo</span> <span class='ocrx_word' id='word_1_60' title='bbox 317 814 524 865; x_wconf 79' lang='lat' dir='ltr'><strong>repetam.</strong></span> <span class='ocrx_word' id='word_1_61' title='bbox 553 801 764 863; x_wconf 62' lang='lat' dir='ltr'>Tiberius⁴</span> <span class='ocrx_word' id='word_1_62' title='bbox 789 800 949 846; x_wconf 88' lang='lat' dir='ltr'>Caesar</span> <span class='ocrx_word' id='word_1_63' title='bbox 981 800 1095 847; x_wconf 84' lang='lat' dir='ltr'>inter</span> <span class='ocrx_word' id='word_1_64' title='bbox 1122 802 1241 848; x_wconf 84' lang='lat' dir='ltr'>initia</span> <span class='ocrx_word' id='word_1_65' title='bbox 1272 804 1437 851; x_wconf 88' lang='lat' dir='ltr'>dicenti</span> 
     </span>
     <span class='ocr_line' id='line_1_10' title="bbox 153 873 1437 936; baseline 0 -14"><span class='ocrx_word' id='word_1_66' title='bbox 153 875 351 933; x_wconf 87' lang='lat' dir='ltr'>cuidam,</span> <span class='ocrx_word' id='word_1_67' title='bbox 372 873 636 931; x_wconf 87' lang='lat' dir='ltr'>Meministi,</span> <span class='ocrx_word' id='word_1_68' title='bbox 662 884 895 935; x_wconf 86' lang='lat' dir='ltr'>antequam</span> <span class='ocrx_word' id='word_1_69' title='bbox 928 873 1075 936; x_wconf 83' lang='lat' dir='ltr'>plures</span> <span class='ocrx_word' id='word_1_70' title='bbox 1100 888 1226 922; x_wconf 86' lang='lat' dir='ltr'>notas</span> <span class='ocrx_word' id='word_1_71' title='bbox 1250 876 1437 922; x_wconf 82' lang='lat' dir='ltr'>familia-</span> 
     </span>
     <span class='ocr_line' id='line_1_11' title="bbox 153 946 1438 1013; baseline 0.001 -18"><span class='ocrx_word' id='word_1_72' title='bbox 153 948 291 996; x_wconf 87' lang='lat' dir='ltr'>ritatis</span> <span class='ocrx_word' id='word_1_73' title='bbox 313 947 473 997; x_wconf 72' lang='lat' dir='ltr'>veteris</span> <span class='ocrx_word' id='word_1_74' title='bbox 500 946 746 1009; x_wconf 85' lang='lat' dir='ltr'>proferret:</span> <span class='ocrx_word' id='word_1_75' title='bbox 775 948 880 992; x_wconf 92' lang='lat' dir='ltr'>Non</span> <span class='ocrx_word' id='word_1_76' title='bbox 904 947 1112 1003; x_wconf 87' lang='lat' dir='ltr'>memini,</span> <span class='ocrx_word' id='word_1_77' title='bbox 1134 947 1302 1012; x_wconf 85' lang='lat' dir='ltr'>inquit,</span> <span class='ocrx_word' id='word_1_78' title='bbox 1330 950 1438 1013; x_wconf 87' lang='lat' dir='ltr'>quid</span> 
     </span>
     <span class='ocr_line' id='line_1_12' title="bbox 154 1019 1438 1083; baseline 0 -15"><span class='ocrx_word' id='word_1_79' title='bbox 154 1021 329 1068; x_wconf 86' lang='lat' dir='ltr'>fuerim.</span> <span class='ocrx_word' id='word_1_80' title='bbox 348 1021 416 1066; x_wconf 90' lang='lat' dir='ltr'>Ab</span> <span class='ocrx_word' id='word_1_81' title='bbox 434 1021 521 1067; x_wconf 87' lang='lat' dir='ltr'>hoc</span> <span class='ocrx_word' id='word_1_82' title='bbox 542 1019 699 1083; x_wconf 87' lang='lat' dir='ltr'>quidni</span> <span class='ocrx_word' id='word_1_83' title='bbox 719 1036 809 1065; x_wconf 90' lang='lat' dir='ltr'>non</span> <span class='ocrx_word' id='word_1_84' title='bbox 828 1019 933 1066; x_wconf 83' lang='lat' dir='ltr'>effet</span> <span class='ocrx_word' id='word_1_85' title='bbox 956 1021 1242 1082; x_wconf 70' lang='lat' dir='ltr'>repetendum</span> <span class='ocrx_word' id='word_1_86' title='bbox 1269 1021 1438 1068; x_wconf 85' lang='lat' dir='ltr'>benefi-</span> 
     </span>
     <span class='ocr_line' id='line_1_13' title="bbox 154 1092 1439 1157; baseline 0 -16"><span class='ocrx_word' id='word_1_87' title='bbox 154 1094 305 1142; x_wconf 88' lang='lat' dir='ltr'>cium.</span> <span class='ocrx_word' id='word_1_88' title='bbox 295 1094 312 1127; x_wconf 65' lang='lat'>³</span> <span class='ocrx_word' id='word_1_89' title='bbox 349 1094 542 1157; x_wconf 87' lang='lat' dir='ltr'>optanda</span> <span class='ocrx_word' id='word_1_90' title='bbox 575 1104 665 1139; x_wconf 88' lang='lat' dir='ltr'>erat</span> <span class='ocrx_word' id='word_1_91' title='bbox 696 1092 885 1140; x_wconf 85' lang='lat' dir='ltr'>oblivio.</span> <span class='ocrx_word' id='word_1_92' title='bbox 918 1093 1209 1140; x_wconf 79' lang='lat' dir='ltr'>Aveisabatur</span> <span class='ocrx_word' id='word_1_93' title='bbox 1238 1095 1439 1141; x_wconf 90' lang='lat' dir='ltr'>omnium</span> 
     </span>
     <span class='ocr_line' id='line_1_14' title="bbox 156 1152 1440 1230; baseline 0.002 -17"><span class='ocrx_word' id='word_1_94' title='bbox 156 1167 402 1216; x_wconf 85' lang='lat' dir='ltr'>amicorum</span> <span class='ocrx_word' id='word_1_95' title='bbox 438 1178 480 1214; x_wconf 87' lang='lat' dir='ltr'>et</span> <span class='ocrx_word' id='word_1_96' title='bbox 515 1166 760 1230; x_wconf 74' lang='lat' dir='ltr'>aequalium</span> <span class='ocrx_word' id='word_1_97' title='bbox 798 1152 1036 1225; x_wconf 81' lang='lat' dir='ltr'>notitiam,</span> <span class='ocrx_word' id='word_1_98' title='bbox 1074 1183 1115 1214; x_wconf 85' lang='lat' dir='ltr'>et</span> <span class='ocrx_word' id='word_1_99' title='bbox 1152 1167 1268 1214; x_wconf 80' lang='lat' dir='ltr'>illam</span> <span class='ocrx_word' id='word_1_100' title='bbox 1305 1166 1440 1215; x_wconf 80' lang='lat' dir='ltr'>solam</span> 
     </span>
     <span class='ocr_line' id='line_1_15' title="bbox 157 1239 1439 1304; baseline 0.001 -17"><span class='ocrx_word' id='word_1_101' title='bbox 157 1240 429 1304; x_wconf 76' lang='lat' dir='ltr'>praesentem</span> <span class='ocrx_word' id='word_1_102' title='bbox 447 1239 671 1287; x_wconf 81' lang='lat' dir='ltr'>fortunam</span> <span class='ocrx_word' id='word_1_103' title='bbox 698 1240 812 1286; x_wconf 85' lang='lat' dir='ltr'>suam</span> <span class='ocrx_word' id='word_1_104' title='bbox 834 1239 1024 1303; x_wconf 85' lang='lat' dir='ltr'>adspici‚</span> <span class='ocrx_word' id='word_1_105' title='bbox 1053 1241 1168 1286; x_wconf 77' lang='lat' dir='ltr'>illam</span> <span class='ocrx_word' id='word_1_106' title='bbox 1194 1240 1328 1286; x_wconf 86' lang='lat' dir='ltr'>solam</span> <span class='ocrx_word' id='word_1_107' title='bbox 1358 1258 1439 1288; x_wconf 87' lang='lat' dir='ltr'>co-</span> 
     </span>
     <span class='ocr_line' id='line_1_16' title="bbox 156 1311 1442 1374; baseline 0.004 -17"><span class='ocrx_word' id='word_1_108' title='bbox 156 1312 282 1374; x_wconf 84' lang='lat' dir='ltr'>gitari</span> <span class='ocrx_word' id='word_1_109' title='bbox 305 1328 356 1358; x_wconf 87' lang='lat' dir='ltr'>ac</span> <span class='ocrx_word' id='word_1_110' title='bbox 385 1313 549 1358; x_wconf 86' lang='lat' dir='ltr'>narrari</span> <span class='ocrx_word' id='word_1_111' title='bbox 577 1312 789 1360; x_wconf 81' lang='lat' dir='ltr'>volebat:</span> <span class='ocrx_word' id='word_1_112' title='bbox 824 1311 1119 1374; x_wconf 67' lang='lat' dir='ltr'>inquisitorem</span> <span class='ocrx_word' id='word_1_113' title='bbox 1157 1314 1340 1361; x_wconf 82' lang='lat' dir='ltr'>habebat</span> <span class='ocrx_word' id='word_1_114' title='bbox 1358 1333 1442 1363; x_wconf 87' lang='lat' dir='ltr'>ve-</span> 
     </span>
     <span class='ocr_line' id='line_1_17' title="bbox 156 1384 1440 1448; baseline 0.004 -19"><span class='ocrx_word' id='word_1_115' title='bbox 156 1397 294 1430; x_wconf 84' lang='lat' dir='ltr'>terem</span> <span class='ocrx_word' id='word_1_116' title='bbox 316 1384 521 1431; x_wconf 85' lang='lat' dir='ltr'>amicum.</span> <span class='ocrx_word' id='word_1_117' title='bbox 542 1385 681 1448; x_wconf 78' lang='lat' dir='ltr'>Magis</span> <span class='ocrx_word' id='word_1_118' title='bbox 701 1384 956 1447; x_wconf 82' lang='lat' dir='ltr'>tempestive</span> <span class='ocrx_word' id='word_1_119' title='bbox 978 1388 1265 1447; x_wconf 65' lang='lat' dir='ltr'>repetentium</span> <span class='ocrx_word' id='word_1_120' title='bbox 1287 1387 1346 1433; x_wconf 83' lang='lat' dir='ltr'>est</span> <span class='ocrx_word' id='word_1_121' title='bbox 1363 1387 1440 1434; x_wconf 84' lang='lat' dir='ltr'>be-</span> 
     </span>
     <span class='ocr_line' id='line_1_18' title="bbox 157 1455 1442 1520; baseline 0.002 -18"><span class='ocrx_word' id='word_1_122' title='bbox 157 1455 381 1514; x_wconf 78' lang='lat' dir='ltr'>neficium,</span> <span class='ocrx_word' id='word_1_123' title='bbox 397 1474 527 1520; x_wconf 83' lang='lat' dir='ltr'>quam</span> <span class='ocrx_word' id='word_1_124' title='bbox 541 1458 792 1520; x_wconf 86' lang='lat' dir='ltr'>petendum.</span> <span class='ocrx_word' id='word_1_125' title='bbox 808 1457 1070 1503; x_wconf 73' lang='lat' dir='ltr'>Adhibenda</span> <span class='ocrx_word' id='word_1_126' title='bbox 1087 1459 1326 1505; x_wconf 77' lang='lat' dir='ltr'>verborum</span> <span class='ocrx_word' id='word_1_127' title='bbox 1342 1475 1442 1506; x_wconf 90' lang='lat' dir='ltr'>mo-</span> 
     </span>
     <span class='ocr_line' id='line_1_19' title="bbox 159 1528 1439 1593; baseline 0 -17"><span class='ocrx_word' id='word_1_128' title='bbox 159 1530 329 1576; x_wconf 83' lang='lat' dir='ltr'>deratio</span> <span class='ocrx_word' id='word_1_129' title='bbox 345 1566 358 1586; x_wconf 92' lang='lat'><strong><em>,</em></strong></span> <span class='ocrx_word' id='word_1_130' title='bbox 375 1545 423 1576; x_wconf 87' lang='lat' dir='ltr'>ut</span> <span class='ocrx_word' id='word_1_131' title='bbox 438 1546 518 1576; x_wconf 89' lang='lat' dir='ltr'>nec</span> <span class='ocrx_word' id='word_1_132' title='bbox 535 1530 728 1593; x_wconf 81' lang='lat' dir='ltr'>ingratus</span> <span class='ocrx_word' id='word_1_133' title='bbox 745 1528 874 1592; x_wconf 77' lang='lat' dir='ltr'>poffit</span> <span class='ocrx_word' id='word_1_134' title='bbox 889 1528 1164 1577; x_wconf 76' lang='lat' dir='ltr'>dissimulare.</span> <span class='ocrx_word' id='word_1_135' title='bbox 1181 1531 1439 1576; x_wconf 80' lang='lat' dir='ltr'>Tacendum</span> 
     </span>
     <span class='ocr_line' id='line_1_20' title="bbox 161 1604 1443 1666; baseline 0 -15"><span class='ocrx_word' id='word_1_136' title='bbox 161 1619 205 1651; x_wconf 86' lang='lat' dir='ltr'>et</span> <span class='ocrx_word' id='word_1_137' title='bbox 224 1604 577 1665; x_wconf 65' lang='lat' dir='ltr'>exspeftandum,</span> <span class='ocrx_word' id='word_1_138' title='bbox 597 1604 629 1650; x_wconf 88' lang='lat' dir='ltr'>fi</span> <span class='ocrx_word' id='word_1_139' title='bbox 648 1604 761 1651; x_wconf 74' lang='lat' dir='ltr'>inter</span> <span class='ocrx_word' id='word_1_140' title='bbox 785 1604 996 1666; x_wconf 82' lang='lat' dir='ltr'>sapientes</span> <span class='ocrx_word' id='word_1_141' title='bbox 1014 1604 1267 1651; x_wconf 81' lang='lat' dir='ltr'>viveremus</span> <span class='ocrx_word' id='word_1_142' title='bbox 1286 1622 1296 1650; x_wconf 91' lang='lat'>:</span> <span class='ocrx_word' id='word_1_143' title='bbox 1322 1618 1364 1651; x_wconf 91' lang='lat' dir='ltr'>et</span> <span class='ocrx_word' id='word_1_144' title='bbox 1379 1616 1443 1651; x_wconf 88' lang='lat' dir='ltr'>ta-</span> 
     </span>
     <span class='ocr_line' id='line_1_21' title="bbox 163 1678 1444 1742; baseline 0.001 -19"><span class='ocrx_word' id='word_1_145' title='bbox 163 1695 265 1724; x_wconf 87' lang='lat' dir='ltr'>men</span> <span class='ocrx_word' id='word_1_146' title='bbox 283 1678 545 1740; x_wconf 77' lang='lat' dir='ltr'>sapientibus</span> <span class='ocrx_word' id='word_1_147' title='bbox 565 1695 746 1741; x_wconf 84' lang='lat' dir='ltr'>quoque</span> <span class='ocrx_word' id='word_1_148' title='bbox 772 1678 962 1723; x_wconf 81' lang='lat' dir='ltr'>indicare</span> <span class='ocrx_word' id='word_1_149' title='bbox 983 1678 1134 1726; x_wconf 75' lang='lat' dir='ltr'>melius</span> <span class='ocrx_word' id='word_1_150' title='bbox 1154 1678 1319 1736; x_wconf 72' lang='lat' dir='ltr'>fuisset,</span> <span class='ocrx_word' id='word_1_151' title='bbox 1337 1678 1444 1742; x_wconf 83' lang='lat' dir='ltr'>quid</span> 
     </span>
     <span class='ocr_line' id='line_1_22' title="bbox 162 1750 1446 1814; baseline -0.001 -16"><span class='ocrx_word' id='word_1_152' title='bbox 162 1768 310 1798; x_wconf 85' lang='lat' dir='ltr'>rerum</span> <span class='ocrx_word' id='word_1_153' title='bbox 329 1750 572 1796; x_wconf 80' lang='lat' dir='ltr'>nostrarum</span> <span class='ocrx_word' id='word_1_154' title='bbox 594 1750 724 1797; x_wconf 83' lang='lat' dir='ltr'>status</span> <span class='ocrx_word' id='word_1_155' title='bbox 743 1751 957 1812; x_wconf 83' lang='lat' dir='ltr'>posceret.</span> <span class='ocrx_word' id='word_1_156' title='bbox 976 1751 1102 1797; x_wconf 85' lang='lat' dir='ltr'>Deos</span> <span class='ocrx_word' id='word_1_157' title='bbox 1120 1787 1131 1807; x_wconf 92' lang='lat'><em>‚</em></span> <span class='ocrx_word' id='word_1_158' title='bbox 1152 1768 1341 1814; x_wconf 84' lang='lat' dir='ltr'>quorum</span> <span class='ocrx_word' id='word_1_159' title='bbox 1362 1768 1446 1798; x_wconf 88' lang='lat' dir='ltr'>no-</span> 
     </span>
     <span class='ocr_line' id='line_1_23' title="bbox 162 1822 1445 1885; baseline 0.002 -17"><span class='ocrx_word' id='word_1_160' title='bbox 162 1823 300 1868; x_wconf 87' lang='lat' dir='ltr'>titiam</span> <span class='ocrx_word' id='word_1_161' title='bbox 334 1822 446 1868; x_wconf 77' lang='lat' dir='ltr'>nulla</span> <span class='ocrx_word' id='word_1_162' title='bbox 474 1839 540 1869; x_wconf 85' lang='lat' dir='ltr'>res</span> <span class='ocrx_word' id='word_1_163' title='bbox 567 1822 740 1885; x_wconf 79' lang='lat' dir='ltr'>effugit,</span> <span class='ocrx_word' id='word_1_164' title='bbox 769 1840 974 1885; x_wconf 79' lang='lat' dir='ltr'><strong>rogamus</strong></span> <span class='ocrx_word' id='word_1_165' title='bbox 999 1842 1009 1869; x_wconf 90' lang='lat'>:</span> <span class='ocrx_word' id='word_1_166' title='bbox 1032 1836 1074 1870; x_wconf 89' lang='lat' dir='ltr'>et</span> <span class='ocrx_word' id='word_1_167' title='bbox 1098 1824 1195 1870; x_wconf 72' lang='lat' dir='ltr'>illos</span> <span class='ocrx_word' id='word_1_168' title='bbox 1219 1841 1323 1873; x_wconf 83' lang='lat' dir='ltr'>vota</span> <span class='ocrx_word' id='word_1_169' title='bbox 1354 1841 1445 1871; x_wconf 89' lang='lat' dir='ltr'>non</span> 
     </span>
     <span class='ocr_line' id='line_1_24' title="bbox 164 1896 1445 1960; baseline -0.001 -16"><span class='ocrx_word' id='word_1_170' title='bbox 164 1911 368 1955; x_wconf 82' lang='lat' dir='ltr'>exorant,</span> <span class='ocrx_word' id='word_1_171' title='bbox 387 1898 457 1943; x_wconf 89' lang='lat' dir='ltr'>sed</span> <span class='ocrx_word' id='word_1_172' title='bbox 478 1899 730 1944; x_wconf 78' lang='lat' dir='ltr'>admonent.</span> <span class='ocrx_word' id='word_1_173' title='bbox 769 1896 870 1942; x_wconf 82' lang='lat' dir='ltr'>Diis</span> <span class='ocrx_word' id='word_1_174' title='bbox 889 1913 1067 1959; x_wconf 85' lang='lat' dir='ltr'>quoque</span> <span class='ocrx_word' id='word_1_175' title='bbox 1081 1933 1095 1955; x_wconf 90' lang='lat'>,</span> <span class='ocrx_word' id='word_1_176' title='bbox 1119 1897 1293 1960; x_wconf 83' lang='lat' dir='ltr'>inquam</span> <span class='ocrx_word' id='word_1_177' title='bbox 1309 1933 1321 1954; x_wconf 86' lang='lat'><em>‚</em></span> <span class='ocrx_word' id='word_1_178' title='bbox 1344 1898 1445 1943; x_wconf 85' lang='lat' dir='ltr'>Ho-</span> 
     </span>
     <span class='ocr_line' id='line_1_25' title="bbox 165 1970 1448 2033; baseline -0.002 -15"><span class='ocrx_word' id='word_1_179' title='bbox 165 1971 353 2018; x_wconf 87' lang='lat' dir='ltr'>mericus</span> <span class='ocrx_word' id='word_1_180' title='bbox 378 1970 451 2018; x_wconf 82' lang='lat' dir='ltr'>ille</span> <span class='ocrx_word' id='word_1_181' title='bbox 477 1971 677 2018; x_wconf 78' lang='lat' dir='ltr'>sacerdos</span> <span class='ocrx_word' id='word_1_182' title='bbox 696 1971 848 2033; x_wconf 75' lang='lat' dir='ltr'>allegat</span> <span class='ocrx_word' id='word_1_183' title='bbox 869 1971 1016 2017; x_wconf 83' lang='lat' dir='ltr'>officia</span> <span class='ocrx_word' id='word_1_184' title='bbox 1033 2006 1047 2027; x_wconf 92' lang='lat'><em>,</em></span> <span class='ocrx_word' id='word_1_185' title='bbox 1072 1986 1117 2017; x_wconf 89' lang='lat' dir='ltr'>et</span> <span class='ocrx_word' id='word_1_186' title='bbox 1136 1987 1226 2016; x_wconf 87' lang='lat' dir='ltr'>aras</span> <span class='ocrx_word' id='word_1_187' title='bbox 1251 1970 1448 2033; x_wconf 84' lang='lat' dir='ltr'>religiose</span> 
     </span>
     <span class='ocr_line' id='line_1_26' title="bbox 167 2041 1450 2106; baseline -0.002 -16"><span class='ocrx_word' id='word_1_188' title='bbox 167 2044 327 2099; x_wconf 84' lang='lat' dir='ltr'>cultas,</span> <span class='ocrx_word' id='word_1_189' title='bbox 359 2059 451 2106; x_wconf 85' lang='lat' dir='ltr'>quo</span> <span class='ocrx_word' id='word_1_190' title='bbox 490 2044 775 2105; x_wconf 83' lang='lat' dir='ltr'>obsequentes</span> <span class='ocrx_word' id='word_1_191' title='bbox 810 2041 971 2088; x_wconf 87' lang='lat' dir='ltr'>faciat:</span> <span class='ocrx_word' id='word_1_192' title='bbox 1003 2054 1046 2088; x_wconf 89' lang='lat' dir='ltr'>et</span> <span class='ocrx_word' id='word_1_193' title='bbox 1074 2055 1238 2104; x_wconf 86' lang='lat' dir='ltr'>parent.</span> <span class='ocrx_word' id='word_1_194' title='bbox 1274 2042 1450 2088; x_wconf 88' lang='lat' dir='ltr'>Moneri</span> 
     </span>
     <span class='ocr_line' id='line_1_27' title="bbox 168 2111 1449 2176; baseline -0.001 -15"><span class='ocrx_word' id='word_1_195' title='bbox 168 2115 280 2161; x_wconf 85' lang='lat' dir='ltr'>velle</span> <span class='ocrx_word' id='word_1_196' title='bbox 304 2130 354 2159; x_wconf 87' lang='lat' dir='ltr'>ac</span> <span class='ocrx_word' id='word_1_197' title='bbox 379 2113 525 2176; x_wconf 78' lang='lat' dir='ltr'>posse,</span> <span class='ocrx_word' id='word_1_198' title='bbox 555 2113 739 2161; x_wconf 87' lang='lat' dir='ltr'>secunda</span> <span class='ocrx_word' id='word_1_199' title='bbox 769 2111 906 2159; x_wconf 80' lang='lat' dir='ltr'>virtus</span> <span class='ocrx_word' id='word_1_200' title='bbox 938 2112 1010 2159; x_wconf 89' lang='lat' dir='ltr'>est.</span> <span class='ocrx_word' id='word_1_201' title='bbox 1040 2114 1141 2161; x_wconf 85' lang='lat' dir='ltr'>Huc</span> <span class='ocrx_word' id='word_1_202' title='bbox 1167 2114 1267 2159; x_wconf 85' lang='lat' dir='ltr'>illuc</span> <span class='ocrx_word' id='word_1_203' title='bbox 1291 2113 1449 2161; x_wconf 80' lang='lat' dir='ltr'>fraenis</span> 
     </span>
     <span class='ocr_line' id='line_1_28' title="bbox 166 2184 1449 2248; baseline 0 -14"><span class='ocrx_word' id='word_1_204' title='bbox 166 2187 321 2234; x_wconf 84' lang='lat' dir='ltr'>leniter</span> <span class='ocrx_word' id='word_1_205' title='bbox 340 2187 472 2233; x_wconf 86' lang='lat' dir='ltr'>motis</span> <span class='ocrx_word' id='word_1_206' title='bbox 488 2186 726 2234; x_wconf 59' lang='lat' dir='ltr'>fleitendus</span> <span class='ocrx_word' id='word_1_207' title='bbox 747 2184 807 2231; x_wconf 90' lang='lat' dir='ltr'>est</span> <span class='ocrx_word' id='word_1_208' title='bbox 833 2186 979 2248; x_wconf 84' lang='lat' dir='ltr'>paucis</span> <span class='ocrx_word' id='word_1_209' title='bbox 999 2187 1168 2233; x_wconf 83' lang='lat' dir='ltr'>animus</span> <span class='ocrx_word' id='word_1_210' title='bbox 1183 2219 1198 2242; x_wconf 90' lang='lat'><strong>‚</strong></span> <span class='ocrx_word' id='word_1_211' title='bbox 1222 2187 1284 2233; x_wconf 89' lang='lat' dir='ltr'>sui</span> <span class='ocrx_word' id='word_1_212' title='bbox 1306 2188 1449 2234; x_wconf 67' lang='lat' dir='ltr'>reflor</span> 
     </span>
     <span class='ocr_line' id='line_1_29' title="bbox 169 2258 1450 2323; baseline -0.001 -16"><span class='ocrx_word' id='word_1_213' title='bbox 169 2261 379 2323; x_wconf 81' lang='lat' dir='ltr'>optimus.</span> <span class='ocrx_word' id='word_1_214' title='bbox 420 2259 614 2306; x_wconf 82' lang='lat' dir='ltr'>Proximi</span> <span class='ocrx_word' id='word_1_215' title='bbox 647 2259 771 2313; x_wconf 86' lang='lat' dir='ltr'>sunt,</span> <span class='ocrx_word' id='word_1_216' title='bbox 803 2259 877 2321; x_wconf 87' lang='lat' dir='ltr'>qui</span> <span class='ocrx_word' id='word_1_217' title='bbox 908 2258 1120 2305; x_wconf 89' lang='lat' dir='ltr'>admoniti</span> <span class='ocrx_word' id='word_1_218' title='bbox 1147 2259 1191 2305; x_wconf 89' lang='lat' dir='ltr'>in</span> <span class='ocrx_word' id='word_1_219' title='bbox 1226 2258 1344 2307; x_wconf 86' lang='lat' dir='ltr'>viam</span> <span class='ocrx_word' id='word_1_220' title='bbox 1376 2276 1450 2306; x_wconf 88' lang='lat' dir='ltr'>re-</span> 
     </span>
     <span class='ocr_line' id='line_1_30' title="bbox 170 2330 1450 2394; baseline -0.003 -14"><span class='ocrx_word' id='word_1_221' title='bbox 170 2334 317 2380; x_wconf 89' lang='lat' dir='ltr'>deunt.</span> <span class='ocrx_word' id='word_1_222' title='bbox 348 2330 428 2378; x_wconf 87' lang='lat' dir='ltr'>His</span> <span class='ocrx_word' id='word_1_223' title='bbox 460 2349 551 2378; x_wconf 89' lang='lat' dir='ltr'>non</span> <span class='ocrx_word' id='word_1_224' title='bbox 575 2331 636 2378; x_wconf 88' lang='lat' dir='ltr'>est</span> <span class='ocrx_word' id='word_1_225' title='bbox 664 2332 753 2378; x_wconf 88' lang='lat' dir='ltr'>dux</span> <span class='ocrx_word' id='word_1_226' title='bbox 784 2330 1085 2378; x_wconf 85' lang='lat' dir='ltr'>detrahendus.</span> <span class='ocrx_word' id='word_1_227' title='bbox 1112 2331 1290 2394; x_wconf 82' lang='lat' dir='ltr'>Opertis</span> <span class='ocrx_word' id='word_1_228' title='bbox 1311 2330 1450 2377; x_wconf 86' lang='lat' dir='ltr'>oculis</span> 
     </span>
     <span class='ocr_line' id='line_1_31' title="bbox 169 2405 1449 2469; baseline -0.002 -15"><span class='ocrx_word' id='word_1_229' title='bbox 169 2407 276 2455; x_wconf 88' lang='lat' dir='ltr'>inest</span> <span class='ocrx_word' id='word_1_230' title='bbox 303 2407 444 2464; x_wconf 84' lang='lat' dir='ltr'>acies,</span> <span class='ocrx_word' id='word_1_231' title='bbox 472 2407 544 2454; x_wconf 90' lang='lat' dir='ltr'>sed</span> <span class='ocrx_word' id='word_1_232' title='bbox 572 2407 659 2453; x_wconf 89' lang='lat' dir='ltr'>fine</span> <span class='ocrx_word' id='word_1_233' title='bbox 684 2406 790 2464; x_wconf 88' lang='lat' dir='ltr'>usu,</span> <span class='ocrx_word' id='word_1_234' title='bbox 818 2422 948 2469; x_wconf 87' lang='lat' dir='ltr'>quam</span> <span class='ocrx_word' id='word_1_235' title='bbox 968 2406 1116 2452; x_wconf 87' lang='lat' dir='ltr'>lumen</span> <span class='ocrx_word' id='word_1_236' title='bbox 1135 2422 1158 2451; x_wconf 88' lang='lat' dir='ltr'>a</span> <span class='ocrx_word' id='word_1_237' title='bbox 1179 2406 1262 2452; x_wconf 85' lang='lat' dir='ltr'>diis</span> <span class='ocrx_word' id='word_1_238' title='bbox 1280 2405 1449 2451; x_wconf 89' lang='lat' dir='ltr'>immis-</span> 
     </span>
     <span class='ocr_line' id='line_1_32' title="bbox 170 2478 1448 2536; baseline -0.002 -6"><span class='ocrx_word' id='word_1_239' title='bbox 170 2483 264 2530; x_wconf 85' lang='lat' dir='ltr'>sum</span> <span class='ocrx_word' id='word_1_240' title='bbox 290 2481 345 2528; x_wconf 80' lang='lat' dir='ltr'>ad</span> <span class='ocrx_word' id='word_1_241' title='bbox 372 2480 606 2529; x_wconf 84' lang='lat' dir='ltr'>ministeria</span> <span class='ocrx_word' id='word_1_242' title='bbox 635 2480 708 2528; x_wconf 90' lang='lat' dir='ltr'>sua</span> <span class='ocrx_word' id='word_1_243' title='bbox 732 2490 902 2530; x_wconf 87' lang='lat' dir='ltr'>evocat.</span> <span class='ocrx_word' id='word_1_244' title='bbox 934 2478 1231 2527; x_wconf 78' lang='lat' dir='ltr'>Instrumenta</span> <span class='ocrx_word' id='word_1_245' title='bbox 1249 2478 1413 2528; x_wconf 81' lang='lat' dir='ltr'>ceffant</span> <span class='ocrx_word' id='word_1_246' title='bbox 1431 2509 1448 2536; x_wconf 83' lang='lat'>,</span> 
     </span>
    </p>
   </div>
  </div>
 </body>
</html>
