1742 2967
325 193 414 257 158
579 195 630 242 L.
677 189 963 243 ΑΝΝΑΕι
1013 192 1349 247 SENECAE

319 299 480 358 facile,
515 319 736 366 nunquam
771 303 914 367 exegit
945 321 954 351 τ
994 306 1116 352 reddi
1152 309 1323 370 gavisus
1356 308 1443 366 est,
1481 308 1600 357 bona

322 373 410 421 fide
429 375 537 439 quid
567 377 864 439 praestitisset,
884 379 1046 426 oblitus
1059 416 1072 439 ,
1091 383 1165 445 qui
1183 383 1434 445 accipientis
1451 384 1602 432 animo

324 464 504 511 recepxt.

390 525 554 571 XVIII.
584 524 780 584 Quidam
810 543 900 572 non
922 536 1090 574 tantum
1121 528 1222 576 dant
1247 529 1509 577 beneficium
1535 531 1603 578 su-

320 597 484 660 perbe,
508 597 579 642 sed
604 598 732 643 etiam
764 600 1010 661 accipiunt:
1036 602 1157 663 quod
1190 618 1280 647 non
1301 602 1360 648 est
1393 603 1603 649 commit-

323 670 516 715 tendum.
551 671 639 714 Iam
674 670 789 716 enim
821 672 1082 719 transeamus
1115 674 1168 719 ad
1198 675 1373 720 alteram
1405 687 1567 736 partem
1588 703 1604 733 ,-

321 743 541 789 tr21&at11ri
563 746 801 806 quomodo
822 745 863 792 se
883 762 1031 809 gerere
1053 747 1255 793 homines
1274 748 1318 794 in
1339 749 1604 812 achpiendis

321 817 545 864 beneficiis
577 819 775 865 debeant.
811 823 1124 883 Quodcunque
1154 840 1207 868 ex
1235 823 1406 870 duobus
1436 824 1603 871 constat

318 890 514 936 officium
529 925 543 945 ,
567 893 820 937 tantundem
845 894 897 939 ab
919 910 1106 957 ursoque
1127 895 1273 957 exigit.
1313 894 1465 955 Qualis
1482 907 1603 958 pater

321 963 405 1009 ess'e
426 962 608 1020 debeat,
627 982 727 1010 cum
752 965 1015 1027 inspexerim
1047 968 1149 1014 scies
1176 984 1265 1014 non
1285 969 1428 1014 minus
1457 968 1604 1031 operis

319 1035 409 1082 illic
443 1035 685 1099 superesse„
726 1049 772 1083 ut
806 1039 1006 1101 dispicias
1027 1075 1040 1097 ,
1079 1039 1253 1102 qualem
1286 1040 1369 1087 effe
1400 1053 1606 1102 oporteat

321 1107 475 1154 filium.
503 1110 611 1155 Sunt
639 1110 806 1172 aliquae
835 1123 977 1172 partes
1003 1111 1169 1169 mariti,
1200 1112 1383 1158 sednon
1411 1112 1606 1160 minores

321 1182 485 1228 uxoris.
510 1182 705 1228 lnvicem
729 1182 804 1227 ista
824 1196 1030 1245 quantum
1061 1184 1240 1248 exigunt
1258 1220 1271 1242 ,
1290 1184 1528 1246 praestant,
1560 1195 1605 1232 et

321 1272 470 1320 parem
504 1256 746 1303 deiide-sant
773 1258 964 1321 tegulam
994 1276 1004 1303 ε
1033 1275 1174 1321 quae,
1205 1273 1254 1304 ut
1282 1257 1342 1303 ait
1370 1258 1603 1315 Hecaton,

322 1330 513 1376 difficilis
548 1330 623 1376 est.
660 1334 809 1377 Omne
845 1332 961 1376 enim
999 1331 1227 1379 honestum
1274 1331 1319 1376 in
1356 1330 1494 1376 arduo
1525 1329 1603 1388 est,

320 1403 450 1450 etiam
485 1404 606 1464 quod
640 1406 837 1451 vicinum
857 1405 1043 1452 honesto
1061 1405 1136 1451 est.
1169 1421 1260 1450 non
1292 1404 1407 1450 enim
1431 1413 1602 1450 tantum

322 1477 418 1524 fieri
444 1478 574 1523 debet
589 1514 601 1533 ‚
621 1479 693 1525 sed
715 1479 884 1526 ratione
903 1478 1011 1525 fieri.
1034 1481 1127 1526 Hac
1146 1480 1257 1525 duce
1276 1495 1354 1540 pet·
1373 1491 1513 1524 totam
1531 1476 1604 1526 vi-

320 1560 410 1597 tam
441 1551 632 1596 eundum
664 1549 736 1596 est.
769 1549 951 1596 minima
972 1552 1246 1613 maximaque
1274 1567 1330 1595 ex
1349 1549 1475 1595 huius
1494 1565 1605 1596 con-

322 1624 418 1672 filio
439 1624 627 1687 gerenda
643 1624 761 1669 sunt:
792 1626 1027 1686 quomodo
1046 1626 1153 1671 haec
1171 1623 1367 1681 suaserit,
1399 1623 1605 1670 dandum

323 1697 448 1745 Haec
466 1711 610 1742 autem
634 1695 722 1742 hoc
741 1696 933 1758 primum
965 1697 1180 1754 censebit,
1201 1712 1291 1742 non
1317 1697 1370 1741 ab
1398 1695 1604 1741 omnibus

322 1768 646 1831 accipiendum.
666 1772 701 1814 A
721 1769 877 1831 quibus
894 1785 1002 1833 ergo
1021 1770 1309 1832 accipiemus?
1329 1771 1391 1815 Ut
1411 1767 1604 1814 breviter

324 1842 405 1891 tibi
432 1842 718 1904 respondeam
745 1858 755 1886 :
781 1841 835 1887 ab
861 1841 927 1889 his
943 1878 956 1900 ,
988 1842 1143 1906 quibus
1177 1840 1337 1888 dedisse
1376 1839 1604 1887 vellemus.

324 1911 447 1962 Num
468 1914 597 1959 etiam
617 1913 783 1960 maiore
800 1913 958 1961 dileelu
971 1914 1241 1978 quaerendus
1260 1913 1335 1972 est,
1354 1912 1427 1959 cui
1445 1912 1604 1959 debea-

324 2001 443 2046 mus,
468 2004 599 2051 quam
622 1986 692 2034 cui
719 1986 1012 2048 praestemus?
1033 2004 1131 2034 nam
1148 2022 1162 2045 ,
1183 1998 1230 2033 ut
1256 2003 1348 2033 non
1372 1986 1603 2049 sequantur

322 2060 410 2110 ulla
439 2063 726 2109 incommoda
746 2061 1019 2127 (sequuntur
1048 2076 1192 2110 autem
1224 2059 1442 2126 plurima)
1466 2073 1601 2124 grave

323 2150 470 2186 tamen
485 2147 754 2182 tormentum
775 2135 835 2182 est
853 2136 1044 2193 debere,
1071 2135 1142 2181 cui
1169 2135 1295 2182 nolis.
1321 2135 1514 2188 Contra,
1534 2133 1601 2179 iu-

319 2207 630 2259 cundiffimum
662 2209 724 2257 est
743 2209 797 2255 ab
824 2224 882 2255 eo
909 2207 1116 2289 accepisse
1143 2205 1405 2254 beneficium
1422 2233 1437 2261 ,
1469 2216 1599 2267 quem

324 2300 469 2330 amare
502 2283 631 2330 etiam
664 2282 765 2346 post
798 2281 998 2328 iniuriam
1029 2278 1192 2343 poffis,
1228 2279 1303 2326 ubi
1334 2277 1601 2333 amicitiam,

325 2357 490 2421 alioqui
520 2358 755 2404 iucundam
772 2392 785 2413 ‚
812 2354 936 2404 causa
961 2354 1065 2402 fecit
1091 2371 1135 2402 et
1159 2353 1324 2401 iustam.
1351 2352 1459 2399 Illud
1487 2363 1599 2398 vero

325 2429 498 2477 homini
518 2431 773 2479 verecundo
793 2440 835 2476 et
853 2429 1000 2492 probo
1021 2428 1310 2475 miserrimum
1332 2425 1394 2473 est
1407 2460 1422 2481 ,
1445 2422 1475 2469 fi
1494 2430 1597 2470 eum

324 2513 468 2548 amare
495 2511 672 2562 oportet
688 2534 703 2557 ‚
731 2515 863 2563 quem
882 2514 975 2546 non
1000 2497 1134 2547 iuvat.
1160 2497 1316 2545 Toties
1335 2495 1595 2542 admoneam
