1742 2967
375 159 470 205 DE
519 159 945 206 BENEFICHS
992 161 1118 207 Lm.
1171 163 1262 207 vn.
1363 177 1450 224 3¹5

178 262 373 326 quisquis
401 265 513 311 tollit
548 265 740 329 aliquid,
775 265 1002 328 sacrilegus
1029 267 1102 313 est.
1137 266 1312 314 Deinde
1347 285 1451 315 cum

177 335 350 400 effringi
374 339 564 397 templa,
589 351 631 385 et
658 339 840 401 expilari
874 339 1052 401 impune
1085 340 1353 401 Capitolium
1385 342 1454 386 iu·-

177 411 278 456 bet:
302 409 432 466 dicit,
465 412 644 457 Nullum
678 411 947 474 sacrilegium
978 412 1072 459 effe.
1104 412 1203 475 quia
1235 412 1451 476 quidquid

176 483 385 530 sublatum
416 483 474 530 est
505 500 558 530 ex
586 500 640 530 eo
672 484 775 530 loco
808 484 885 546 qui
913 484 1096 531 deorum
1129 500 1243 542 erat,
1274 485 1317 529 in
1349 502 1450 530 eum

174 556 430 602 transfertur
462 556 610 602 locum
628 591 641 612 ‚
671 557 746 618 qui
777 557 959 602 deorum
989 557 1063 603 est.
1098 558 1190 604 Hic·
1214 558 1451 619 responde-

176 641 278 675 tur:
312 627 476 674 Omnia
509 629 684 690 quidem
718 630 901 674 deorum
931 629 1045 686 effe,
1072 630 1141 676 sed
1173 647 1262 676 non
1297 632 1448 676 omnia

178 699 258 745 diis
286 698 439 745 dicata.
474 702 520 744 In
554 699 618 744 his
643 698 867 746 observari
899 698 1166 762 sacrilegium
1188 733 1202 755 ‚
1235 717 1346 763 quae
1377 718 1448 747 re-

174 773 280 836 ligio
314 772 484 818 numini
516 771 748 834 adscripsit.
774 772 842 819 Sic
862 784 904 818 et
929 785 1071 819 totum
1099 776 1309 820 mundum
1341 775 1450 821 deo·

114 888 117 890 .
175 863 271 892 rum
291 847 373 893 effe
397 846 705 892 immortalium
731 845 943 907 templum
964 882 977 902 ‚
996 847 1131 892 solum
1154 847 1330 907 quidem
1350 863 1446 891 am·

175 920 388 981 plitudine
422 920 596 966 illorum
628 936 677 967 ac
709 919 1031 982 magnificentia
1062 921 1243 982 dignum
1271 938 1280 965 ε
1316 932 1358 965 et
1382 932 1448 966 ta-

177 1008 277 1037 men
309 1009 332 1038 a
359 992 482 1038 sacris
509 991 690 1054 profana
725 993 938 1049 discerni,
971 1004 1013 1038 et
1043 1009 1131 1037 non
1164 991 1313 1037 omnia
1347 992 1448 1037 lice-

176 1079 222 1109 re
250 1063 293 1108 in
319 1063 480 1126 angulo
500 1098 515 1119 ,
543 1062 610 1108 cui
637 1079 799 1108 nomen
832 1063 917 1108 fani
950 1062 1203 1124 impofitum
1229 1063 1314 1116 est,
1335 1079 1447 1124 quae

177 1136 254 1182 sub
289 1136 419 1182 coelo
444 1149 485 1180 et
516 1135 744 1197 conspeftu
780 1135 964 1182 fiderum
997 1136 1138 1182 licent.
1165 1135 1365 1181 Iniuriam
1386 1135 1449 1180 sa·

179 1207 361 1269 erilegus
382 1208 487 1253 Deo
510 1204 684 1267 quidem
711 1221 800 1250 non
821 1205 960 1266 potest
980 1205 1120 1251 facere
1143 1222 1153 1250 :
1176 1223 1306 1267 quem
1328 1219 1450 1252 extra

178 1284 310 1328 {Erum
333 1282 403 1327 sua
435 1282 639 1328 divinitas
662 1281 802 1343 posuit
825 1300 834 1327 :
859 1281 927 1327 sed
947 1294 1092 1328 tamen
1124 1280 1327 1343 punitur,
1350 1281 1450 1342 quia

177 1367 380 1417 tanquam
416 1356 521 1402 Deo
572 1356 688 1402 fecit.
742 1356 913 1417 Opinio
956 1355 1076 1400 illum
1112 1353 1254 1399 nostra
1295 1370 1344 1399 ac
1377 1353 1451 1408 sua

180 1431 345 1493 obligat
372 1447 554 1492 poenae.
594 1430 843 1490 Quomodo
870 1444 977 1491 ergo
1006 1428 1231 1490 sacrilegus
1255 1427 1451 1482 videtur,

180 1504 257 1566 qui
276 1503 435 1565 aliquid
463 1503 603 1550 aufert
631 1503 762 1559 sacri,
794 1502 957 1549 etiamsi
978 1518 1241 1564 quocunque
1262 1498 1448 1545 transtu-

177 1577 227 1624 lit
243 1613 255 1632 ,
275 1577 396 1638 quod
419 1575 701 1637 surripuerat,
731 1574 840 1619 intra
872 1574 1082 1619 terminos
1107 1572 1166 1618 est
1193 1572 1341 1618 mundi
1362 1589 1371 1615 ε
1392 1571 1448 1617 stc

178 1664 221 1695 et
241 1648 418 1708 sapienti
438 1648 601 1694 furtum
625 1645 767 1708 potest
792 1644 897 1692 fieri.
917 1644 1122 1691 Aufertur
1142 1644 1259 1690 enim
1278 1644 1337 1688 illi
1357 1659 1446 1688 non

180 1739 234 1767 ex
253 1723 317 1768 his
335 1739 445 1783 quae
465 1721 664 1767 universa
694 1720 844 1773 habet,
872 1718 942 1763 sed
968 1735 1022 1763 ex
1045 1718 1109 1763 his
1133 1719 1288 1779 quibus
1310 1716 1452 1762 domi-

181 1812 262 1841 nus
295 1795 521 1856 inscriptus
554 1793 639 1851 est,
671 1809 781 1856 quae
810 1790 973 1838 viritim
1004 1790 1042 1835 ei
1076 1789 1281 1838 serviunt.
1332 1790 1449 1834 lllam

179 1869 355 1915 alteram
384 1867 687 1929 poffeffionem
711 1863 939 1928 agnoscet,
972 1864 1081 1909 hanc
1114 1865 1233 1909 nolet
1264 1865 1449 1919 habere,

180 1941 254 1988 etfi
285 1942 449 2004 poterit
470 1959 478 1986 :
501 1942 752 2001 emittetque
777 1940 892 1984 illam
921 1953 1105 1994 vocem,
1125 1954 1253 2000 quam
1283 1940 1449 1982 Roma-

182 2034 262 2064 nus
300 2022 545 2079 Imperator
573 2016 740 2071 emisit,
769 2032 867 2062 cum
896 2014 955 2059 illi
980 2014 1040 2059 ob
1075 2014 1278 2059 virtutem
1303 2026 1344 2058 et
1370 2012 1449 2057 be-

183 2109 237 2139 ne
262 2091 423 2156 gestam
446 2091 778 2153 Rempublicam
813 2101 982 2134 tantum
1007 2087 1095 2148 agri
1121 2087 1427 2132 decerneretur
1447 2107 1462 2133 ι

182 2179 395 2227 quantum
432 2164 596 2210 arando
629 2179 721 2208 uno
751 2160 821 2206 die
854 2159 1036 2206 circuire
1066 2158 1270 2220 potuisset
1300 2175 1310 2203 :
1346 2159 1451 2205 Non

181 2237 270 2295 est,
301 2238 468 2300 inquit,
502 2237 632 2282 vobis
661 2251 717 2282 eo
741 2250 855 2296 opus
880 2233 1005 2289 cive,
1028 2232 1098 2278 cui
1122 2231 1214 2294 plus
1239 2248 1350 2294 opus
1382 2230 1454 2289 fit,

182 2327 313 2373 quam
345 2309 420 2355 uni
449 2309 551 2357 civi.
588 2310 770 2368 Quanto
804 2305 980 2352 maioris
1009 2304 1090 2350 viri
1117 2318 1265 2365 putas,
1304 2304 1452 2365 respu-

183 2383 256 2429 iffe
285 2383 370 2429 hoc
397 2399 581 2440 munus,
615 2398 746 2443 quam
780 2379 1014 2426 meruisse?
1047 2378 1173 2425 multi
1203 2377 1452 2431 euimfiues

183 2456 274 2503 aliis
303 2454 591 2514 abstulerunt,
621 2453 698 2501 fibi
725 2469 857 2501 nemo
882 2451 1121 2500 constituit.
