1742 2967
307 197 407 255 DE
455 208 927 256 (ῑιΕΜΕΝΤῐΑ
981 212 1198 257 LtB.1.
1338 225 1396 274 19

112 315 198 361 lam
233 329 276 361 te
306 325 405 360 toto
440 312 549 360 orbe
584 313 734 359 stillam
771 313 943 360 cruoris
979 313 1158 359 humani
1196 312 1348 362 mififfe
1381 331 1395 361 t

113 405 168 435 eo
201 387 338 434 maius
362 387 422 434 est
445 387 770 449 mirabiliusque
793 421 805 441 ‚
835 387 957 449 quod
984 387 1091 432 nuHi
1120 405 1314 451 unquam
1336 389 1398 436 ci-

115 463 197 509 tius
226 462 388 526 gladius
413 460 670 513 commiffus
696 460 769 508 est.
799 462 1043 507 Clementia
1064 478 1170 526 ergo
1195 479 1285 509 non
1305 475 1399 509 tan·-

116 548 207 582 tum
241 534 546 589 honestiores,
581 533 653 580 sed
679 534 860 582 tutiores
899 534 1084 596 praestat
1118 551 1398 583 :ornamen-

116 620 299 670 tumque
318 607 605 669 imperiorum
623 605 707 664 est,
730 606 851 652 simul
871 606 1102 652 certiffima
1128 606 1251 653 salus.
1274 607 1400 667 Quid

117 678 233 724 enim
263 677 351 734 est,
377 696 455 725 cur
484 695 608 743 reges
639 677 971 735 consenuerint,
995 677 1230 742 liberisque
1254 696 1304 726 ac
1323 696 1400 725 ne-

118 751 297 813 potibus
325 751 585 798 tradiderint
612 767 771 814 regna3
803 764 1097 814 tyrannorum
1130 752 1401 798 exsecrabilis

118 841 167 870 ac
203 825 349 872 brevis
382 825 570 887 potestas
600 824 692 871 est?
731 825 854 886 Quid
885 824 1061 872 interest
1092 825 1204 872 inter
1237 838 1399 889 tyran-

119 915 227 944 num
263 910 305 945 et
334 897 521 960 regem?
561 896 724 958 species
757 896 875 943 enim
905 897 996 959 ipsa
1029 897 1235 945 fortunae
1263 916 1311 945 ac
1345 899 1401 945 li-

120 970 261 1017 centia
292 987 370 1033 par
399 970 487 1026 est,
519 970 594 1015 nili
623 970 745 1033 quod
774 970 949 1033 tyranni
976 970 1020 1016 in
1049 971 1276 1033 voluptate
1306 970 1400 1019 sae-

120 1044 272 1102 viunt,
304 1060 425 1107 reges
452 1061 543 1091 non
576 1043 651 1090 nisi
679 1061 731 1090 ex
762 1043 884 1090 causa
912 1060 961 1090 ac
986 1044 1243 1092 necestitate.

185 1118 283 1162 Xll.
305 1117 427 1176 Quid
452 1133 560 1179 ergo
580 1115 596 1160 ἒ
620 1132 708 1160 non
739 1132 861 1178 reges
889 1131 1071 1178 quoque
1102 1117 1304 1163 occidere
1326 1116 1401 1164 soi

121 1188 239 1234 lent?
264 1189 346 1234 Sed
367 1188 540 1251 quoties
567 1188 611 1233 id
640 1186 732 1233 fieri
760 1187 929 1247 publica
953 1187 1113 1234 utilitas
1141 1188 1398 1250 persuadet:

72 1296 73 1300 ,
121 1260 320 1322 tyrannis
350 1259 530 1305 saevitia
557 1258 681 1305 cordi
712 1258 783 1303 est.
817 1259 1058 1320 Tyrannus
1085 1272 1225 1306 autem
1248 1277 1271 1307 a
1298 1277 1400 1324 rege

121 1333 248 1378 distat
275 1331 424 1390 fastis,
454 1349 544 1377 non
578 1332 773 1377 nomine.
811 1332 925 1377 Nam
957 1345 1000 1378 et
1035 1332 1279 1397 Dionysius
1305 1349 1402 1379 ma·

121 1407 192 1454 ior
218 1407 311 1453 iure
341 1407 589 1470 meritoque
614 1404 824 1467 praeferri
856 1405 998 1452 multis
1022 1406 1196 1469 regibus
1223 1406 1365 1469 potest
1387 1424 1400 1451 ε

121 1495 163 1528 et
185 1485 230 1528 L.
247 1481 406 1527 Sullam
435 1481 639 1544 appellari
664 1493 905 1545 tyrannum
933 1482 1037 1544 quid
1069 1483 1273 1540 prohibet
1289 1520 1301 1540 ‚
1327 1483 1401 1532 cui

123 1554 359 1601 occidendi
386 1552 517 1600 finem
549 1553 653 1601 fecit
679 1552 828 1616 inopia
860 1553 1084 1601 hostium?
1110 1556 1404 1605 Descenderit

122 1625 228 1673 licet
254 1626 483 1673 Di&atttra
508 1625 579 1672 sua
598 1661 611 1682 ‚
643 1641 686 1673 et
711 1626 750 1672 se
775 1637 905 1688 togae
923 1625 1161 1674 reddiderit
1183 1646 1193 1674 ε
1217 1629 1314 1691 quis
1338 1641 1404 1675 ta-

123 1721 228 1750 men
252 1719 442 1765 unquam
474 1714 682 1767 tyrannus
706 1716 794 1749 tam
819 1704 945 1750 avide
966 1704 1207 1750 humanum
1232 1705 1404 1769 sangui-

124 1794 227 1822 nem
255 1775 390 1834 bibit,
409 1793 540 1840 quam
559 1776 656 1833 ille,
687 1777 762 1839 qui
781 1776 942 1837 septem
968 1777 1102 1823 millia
1122 1778 1289 1825 civium
1310 1782 1406 1825 Ro-

124 1867 360 1896 manorum
388 1850 685 1897 contrucidari
704 1850 847 1898 iuffit?
880 1854 931 1898 Et
953 1869 1051 1898 cum
1078 1853 1121 1899 in
1150 1853 1329 1911 vicino,
1350 1854 1407 1904 ad

125 1924 277 1969 aedem
300 1923 503 1970 Bellonae
538 1923 710 1981 sedens,
739 1923 977 1974 exaudisset
1007 1925 1406 1976 conclamationem

125 2008 194 2041 tot
218 1996 401 2042 millium
421 1996 497 2043 sub
515 1996 660 2058 gladio
679 1997 969 2060 gementium,
997 1998 1206 2045 exterrito
1232 1999 1409 2059 senatu,

129 2067 233 2115 Hoc
267 2085 469 2131 agamus,
501 2068 675 2130 inquit,
710 2070 756 2115 P.
786 2069 839 2115 C.
870 2068 1058 2116 seditiosi
1094 2071 1269 2134 pauculi
1300 2087 1405 2117 meo

129 2140 239 2186 iussu
259 2141 534 2188 occiduntur.
571 2142 672 2188 Hoc
697 2158 789 2188 non
813 2141 874 2188 est
901 2143 1137 2191 mentitus:
1158 2146 1285 2208 pauci
1310 2144 1408 2191 Sul-

129 2213 194 2259 lae
210 2212 486 2261 videbantur.
503 2215 585 2261 Sed
607 2230 714 2262 mox
734 2216 787 2262 de
807 2216 917 2262 Sulla
933 2216 1275 2280 consequemur,
1295 2234 1409 2280 quo-

132 2286 273 2332 modo
292 2285 489 2333 hostibus
515 2286 786 2334 irascendum
814 2288 863 2336 fit
895 2307 904 2335 :
933 2289 1085 2352 utique
1112 2288 1142 2334 fi
1169 2289 1213 2335 in
1250 2288 1407 2335 hostile

133 2377 300 2406 nomen
327 2359 445 2407 cives
461 2392 476 2416 ,
505 2372 548 2407 et
565 2379 620 2408 ex
648 2362 804 2408 eodem
825 2378 1016 2425 corpore
1044 2361 1246 2425 abrupti,
1269 2360 1409 2408 trans-

90 2456 93 2457 ⁷
131 2432 273 2478 ierint.
304 2433 477 2479 Interim
497 2433 583 2481 hoc
605 2435 727 2498 quod
752 2435 972 2492 dicebam,
1006 2434 1233 2480 clementia
1258 2433 1407 2489 efficit,

132 2517 180 2553 ut
205 2522 414 2571 magnum
435 2507 549 2556 inter
566 2525 713 2573 regem
732 2520 1062 2573 tyrannumque
1070 2505 1313 2618 I{liscrimen
1331 2505 1407 2556 fit:

1138 2589 1162 2619 2
