1742 2967
237 152 330 212 316
495 154 544 200 L.
588 155 877 203 ANNAEI
925 158 1280 208 SENECAE

300 262 415 308 VIll.
451 263 571 326 Ergo
602 279 702 311 cum
732 264 927 312 animum
958 267 1158 330 sapientis
1184 269 1404 317 intuemur
1430 287 1515 334 po-

233 344 395 382 tentem
427 338 653 397 omnium,
679 351 722 386 et
751 356 828 402 per
857 342 1056 389 universa
1087 343 1305 391 dimissum
1323 381 1336 404 ‚
1366 347 1516 393 omnia

233 407 348 456 illius
372 411 458 458 effe
486 412 693 472 dicimus,
724 432 823 462 cum
854 417 908 462 ad
933 416 1105 464 hocius
1124 419 1454 482 quotidianum,
1485 421 1514 467 fi

231 480 304 534 ita,
326 500 393 530 res
422 485 591 543 tulerit,
621 489 763 550 capite
794 489 1053 536 censebitur.
1080 492 1271 538 Multum
1306 491 1482 539 interest
1500 530 1514 552 ‚

231 556 441 619 poffeffio
461 558 551 606 eius
580 561 714 607 animi
734 564 1038 627 magnitudine
1056 565 1324 624 aestimetur,
1345 584 1397 612 an
1417 584 1514 613 cen-

231 628 291 676 su.
317 630 422 678 haec
451 632 651 680 universa
683 635 868 695 habere,
899 638 953 683 de
977 638 1137 700 quibus
1161 638 1382 701 loqueris,
1407 640 1516 685 abo-

230 703 480 752 minabitur.
529 709 636 754 Non
668 709 852 757 referam
893 711 972 758 tibi
1003 713 1228 759 Socratem
1250 746 1264 768 ‚
1300 714 1514 777 Chrysip-

230 791 360 838 pum,
388 778 617 825 Zenonem
638 815 651 837 ‚
675 795 718 826 et
749 797 919 829 ceteros
948 800 1128 847 magnos
1152 786 1329 847 quidem
1359 787 1480 832 viros
1501 818 1515 840 ‚

231 849 423 897 maiores
451 866 624 910 tamen,
651 854 752 916 quia
783 854 827 900 in
849 855 1023 902 laudem
1053 856 1328 904 vetustorum
1352 858 1517 904 invidia

231 938 326 968 non
360 923 515 971 obstat.
561 927 694 973 Paulo
731 941 830 975 ante
868 929 1150 975 Demetrium
1186 930 1351 976 retuli:
1382 947 1515 993 quein

230 994 338 1040 mihi
366 996 542 1044 videtur
572 1015 719 1046 rerum
757 1017 908 1048 natura
935 1001 1092 1048 nostris
1126 1002 1270 1049 tuliffe
1296 1003 1515 1065 tempori·

229 1066 331 1123 buS,
353 1084 400 1115 ut
425 1068 694 1128 ostenderet,
717 1089 798 1119 nec
826 1073 948 1119 illum
967 1090 988 1118 a
1008 1074 1135 1121 nobis
1160 1075 1388 1137 corrumpi
1405 1110 1416 1131 ‚
1438 1091 1518 1121 nec

231 1159 314 1189 nos
342 1145 394 1190 ab
414 1145 490 1191 illo
517 1147 678 1210 corrigi
704 1147 825 1209 posse
847 1165 858 1193 ε
881 1147 1027 1193 virum
1049 1148 1224 1193 exactae
1246 1145 1374 1211 (licet
1393 1158 1520 1208 neget

231 1216 347 1282 ipse)
373 1218 634 1282 sapientiae:
664 1218 903 1282 firmaeque
929 1220 973 1265 in
996 1220 1060 1266 his
1079 1255 1093 1276 9
1118 1237 1229 1284 quae
1260 1219 1519 1282 proposuit,

232 1289 500 1337 constantiae
523 1307 534 1337 ε
555 1291 832 1355 eloquentiae
852 1308 963 1338 vero
983 1291 1096 1348 eius,
1123 1308 1234 1354 quae
1252 1308 1319 1338 res
1342 1291 1521 1337 fortiss«

234 1379 328 1409 mas
349 1364 521 1421 deceat,
544 1380 634 1410 non
649 1366 936 1412 concinnatae
951 1401 963 1420 ‚
983 1365 1120 1412 necin
1138 1364 1275 1411 verba
1293 1364 1520 1422 sollicitae,

234 1436 308 1482 sed
331 1435 495 1499 ingenti
517 1436 693 1494 animo,
713 1451 848 1500 prout
866 1439 1056 1501 impetus
1080 1437 1201 1494 tulit,
1222 1453 1286 1483 res
1312 1436 1406 1482 suas
1422 1453 1520 1499 pro.-

233 1508 462 1572 i‘equentis.
498 1510 613 1556 Huic
639 1527 729 1556 non
760 1511 918 1557 dubito
934 1547 945 1566 ‚
971 1510 1075 1573 quin
1098 1508 1379 1572 providentia
1397 1523 1437 1555 et
1457 1523 1520 1556 ta-

234 1583 319 1629 lem
348 1584 507 1638 vitam,
535 1599 577 1630 et
606 1585 736 1630 talem
763 1585 938 1631 dicendi
969 1584 1218 1630 facultatem
1249 1584 1436 1639 dederit,
1467 1600 1525 1630 ne·

237 1667 311 1702 aut
331 1656 578 1720 exemplum
611 1656 755 1703 seculo
778 1656 954 1713 nostro,
981 1669 1052 1702 aut
1071 1656 1328 1703 convicium
1350 1655 1521 1704 deeffet.

304 1731 384 1776 IX.
420 1731 655 1779 Demetrio
680 1729 710 1776 fi
736 1745 803 1775 res
831 1728 996 1776 nostras
1025 1729 1180 1791 aliquis
1209 1729 1395 1775 deorum
1420 1729 1515 1791 pos-

238 1805 433 1853 fidendas
465 1806 575 1853 velit
606 1806 775 1851 tradere
803 1805 877 1851 sub
909 1805 1000 1868 lege
1027 1820 1171 1861 certa,
1201 1821 1254 1850 ne
1281 1805 1409 1851 liceat
1434 1806 1517 1850 do-

241 1895 343 1924 nare
359 1914 371 1935 ‚
399 1878 710 1925 affirmaverim
735 1878 1092 1940 repudiaturum,
1114 1878 1444 1939 diE'turumque:
1472 1880 1522 1923 E-

241 1967 299 2013 go
329 1966 440 1998 vero
464 1967 532 1996 me
562 1951 613 1997 ad
640 1951 751 1997 istud
782 1951 1081 1996 inextricabile
1109 1951 1280 2010 pondus
1308 1967 1399 1996 non
1427 1951 1521 1996 alli-

242 2042 301 2087 go
320 2060 333 2082 ‚
357 2041 436 2071 nec
463 2023 507 2069 in
530 2025 659 2070 altam
684 2023 824 2070 fecem
845 2040 988 2070 rerum
1020 2024 1137 2068 hunc
1161 2022 1414 2085 expeditum
1440 2025 1521 2070 ho·

242 2099 404 2145 minem
431 2097 629 2145 demitto.
659 2096 782 2157 Quid
798 2098 849 2143 ad
872 2114 942 2143 me
968 2095 1110 2143 defers
1138 2097 1405 2159 populorum
1426 2114 1522 2143 om-

234 2172 368 2218 nium
399 2172 542 2220 mala?
579 2187 694 2234 quae
727 2187 806 2218 nec
837 2171 1016 2216 daturus
1040 2169 1219 2232 quidem
1246 2168 1524 2231 acci-pereni:

244 2245 458 2306 quoniam
488 2245 620 2290 multa
642 2243 800 2299 video,
818 2258 930 2305 quae
959 2258 1030 2288 me
1050 2242 1216 2287 donare
1241 2257 1334 2287 non
1361 2241 1522 2286 deceat.

246 2318 368 2363 Volo
386 2317 462 2363 sub
485 2317 718 2380 conspectu
740 2332 841 2362 meo
864 2332 1053 2378 ponere,
1076 2331 1183 2377 quae
1204 2315 1522 2379 gentium-ocu-

247 2391 312 2436 los
337 2406 580 2453 regumque
602 2389 945 2453 praestringunt?
965 2390 1073 2436 volo
1093 2389 1252 2434 intueri
1271 2390 1411 2451 pretia
1431 2388 1520 2432 san-

248 2463 421 2528 guiniS,
444 2465 780 2528 animarumque
807 2462 1079 2512 vestrarum?
1107 2462 1251 2510 Prima
1271 2461 1523 2508 mihil-ima
