1742 2967
285 146 375 206 ¹78
542 144 926 192 L.ANNAE1
975 142 1335 191 SENECAE

272 248 363 301 -εῑῑίᾋἶ
384 260 426 296 et
449 247 480 295 si
496 253 617 312 quod
636 250 747 296 aliud
771 251 976 296 humilius
995 251 1204 306 verbum,
1221 266 1314 312 quo
1335 249 1376 296 se
1396 249 1554 313 oppig-

278 334 474 377 neraret,
511 321 691 368 invenit.
722 320 828 366 Post
860 321 1298 384 exiguumtempus,
1330 321 1460 368 iidem
1493 322 1555 368 illi

281 393 415 439 verba
443 393 612 454 priora,
633 392 751 456 quasi
768 393 938 440 sordida
964 406 1007 440 et
1016 408 1172 455 parum
1193 390 1350 451 libera,
1368 393 1552 442 evitant:

270 467 543 529 ‘perveniunt
575 466 732 513 deinde
761 483 845 525 eo,
867 482 961 530 quo
977 502 991 525 ‚
1018 478 1065 512 ut
1090 482 1176 530 ego
1202 467 1430 526 existimo,
1456 468 1554 531 pes-

273 540 410 587 fimus
437 540 620 603 quisque
652 552 784 602 atque
812 538 1120 602 ingratissimus
1140 539 1369 600 pervenit,
1396 551 1446 587 ut
1472 538 1556 586 ob-

277 611 543 659 liviscantur.
573 613 701 658 Adeo
730 610 847 658 enim
871 612 1064 674 ingratus
1086 610 1173 668 est,
1196 611 1271 673 qui
1298 610 1460 658 oblitus
1477 611 1555 671 est,

269 695 323 731 >ut
350 697 497 747 gratus
522 682 595 742 fit,
629 683 698 730 cui
722 681 982 729 heneficium
1009 681 1053 728 in
1077 696 1271 728 mentem
1301 682 1438 737 venit.

344 757 420 801 VI.
453 755 555 801 Hoc
581 767 668 801 tam
696 752 886 802 invisum
914 753 1100 812 vitium,
1128 769 1181 798 an
1207 753 1471 816 impunitum
1492 753 1554 801 es-

278 825 320 880 [e
343 828 527 882 debeat,
552 826 773 890 quaeritur
790 843 804 872 ;
826 837 868 873 et
898 842 952 872 an
980 826 1087 872 haec
1119 825 1188 872 lex
1200 860 1216 881 ,
1236 842 1345 888 quae
1364 826 1409 871 in
1430 825 1554 873 scho-

275 901 330 947 {is
356 913 607 959 exercetur,
639 901 768 948 etiam
796 901 844 947 in
863 899 1039 948 civitate
1064 899 1265 961 ponenda
1290 899 1365 958 fit,
1382 916 1467 963 qua
1486 900 1555 946 in-

267 974 388 1038 ,grati
405 975 529 1022 datur
547 973 677 1032 aetio,
694 989 805 1037 quae
824 973 1000 1022 videtur
1019 988 1156 1036 aequa
1176 971 1392 1018 omnibus.
1411 971 1556 1033 Quid-

278 1049 323 1095 ni
341 1052 357 1094 ?
392 1065 491 1096 cum
511 1047 638 1095 urbes
656 1062 837 1110 quoque
857 1043 1064 1102 urbibus,
1081 1061 1190 1108 quae
1209 1042 1460 1107 „praestitere
1482 1063 1558 1094 ex-

272 1122 507 1186 probrent,
524 1122 622 1168 etin
636 1120 824 1167 maiores
834 1119 1002 1178 collata,
1016 1135 1040 1164 a
1058 1117 1240 1182 posteris
1257 1118 1441 1183 exigant.
1455 1116 1556 1166 No-

277 1197 353 1244 ›stri
382 1192 796 1253 maioressmaximi
824 1192 989 1240 scilicet
1019 1192 1131 1250 viri,
1153 1192 1207 1238 ab
1231 1191 1428 1240 hostibus
1459 1206 1555 1240 tan-

279 1281 372 1318 tum
392 1286 461 1317 res
476 1267 768 1333 repetierunt:
792 1265 1004 1313 beneficia
1021 1279 1182 1329 magno
1204 1263 1354 1312 animo
1381 1265 1558 1325 dabant,

274 1360 440 1408 magno
467 1340 718 1406 perdebant.
747 1340 941 1402 Excepta
966 1338 1257 1386 Macedonum
1281 1347 1437 1401 gente,
1462 1353 1554 1384 non

275 1415 343 1462 ‘est
378 1416 423 1462 in
448 1415 531 1461 ulla
554 1414 650 1460 data
675 1412 880 1459 adversus
905 1411 1120 1474 ingratum
1147 1410 1272 1456 assio.
1319 1411 1556 1472 Magnum-

277 1505 369 1551 -que
394 1488 482 1535 hoc
505 1499 833 1551 argumentum,
853 1484 1039 1531 dandam
1066 1498 1158 1529 non
1185 1478 1308 1528 fuisse
1331 1499 1342 1527 :
1368 1481 1468 1544 quia
1486 1482 1558 1527 ad-

284 1561 433 1608 versus
457 1556 719 1607 maleficium
741 1574 874 1604 omne
903 1554 1216 1604 consensimus.
1240 1567 1283 1601 et
1307 1553 1561 1610 homicidii,

285 1633 490 1682 veneficii
507 1669 520 1689 ,
549 1631 799 1696 parricidii,
825 1630 1086 1679 violatarum
1105 1629 1368 1692 religionum
1385 1662 1399 1686 ‚
1428 1624 1559 1675 aliubi

283 1719 416 1771 atque
450 1706 584 1755 aliubi
612 1705 781 1753 diversa
806 1720 953 1768 poena
979 1700 1082 1751 est:
1109 1702 1181 1750 sed
1208 1701 1372 1764 ubique
1403 1697 1562 1764 aliqua.

281 1783 386 1831 Hoc
410 1780 798 1847 frequentissimum
818 1779 988 1826 crimen
1006 1778 1216 1841 nusquam
1236 1773 1439 1838 punitur,
1465 1772 1561 1821 ubi-

283 1872 371 1918 que
398 1855 684 1919 improbatur
710 1854 866 1915 Neque
901 1849 1169 1898 absolvimus
1194 1844 1335 1894 illud:
1361 1847 1432 1894 sed
1457 1863 1559 1894 cum

287 1927 473 1974 difficilis
503 1926 606 1975 effet
636 1926 827 1973 incertae
861 1923 923 1969 rei
957 1921 1220 1978 aestimatio,
1244 1931 1418 1966 tantum
1451 1919 1562 1966 odio

286 2001 620 2060 damnavimus,
645 2013 690 2048 et
711 1999 823 2047 inter
848 2016 900 2047 ea
918 1998 1206 2062 reliquimus,
1233 2011 1343 2061 quae
1367 1994 1422 2041 ad
1447 1993 1563 2041 iudi-

283 2092 362 2125 ces
391 2077 496 2123 deos
525 2075 750 2122 mittimus,
1155 2093 1157 2095 ·

351 2150 448 2196 VH.
467 2148 676 2195 Rationes
693 2160 837 2194 autem
855 2145 1016 2194 multae
1031 2141 1142 2191 mihi
1159 2152 1411 2199 occurrunt,
1428 2156 1561 2204 prop·

286 2232 352 2267 ter
386 2237 491 2284 quas
520 2219 686 2268 crimen
719 2217 850 2265 hoc
839 2236 885 2264 m
914 2217 1057 2281 legem
1085 2216 1239 2263 cadere
1271 2230 1362 2260 non
1392 2213 1560 2260 debeat

288 2293 479 2339 Primum
513 2292 750 2346 omnium,
782 2306 880 2353 pars
914 2288 1080 2351 optima
1110 2284 1310 2334 beneficii
1340 2284 1501 2347 periit,
1527 2283 1559 2329 fi

287 2366 425 2422 actio,
455 2366 560 2413 ficut
585 2377 725 2412 certae
753 2380 852 2426 pec
840 2362 992 2418 miae,
1009 2373 1084 2407 aut
1100 2376 1152 2406 ex
1171 2357 1396 2405 conduflo
1426 2366 1468 2402 et
1487 2356 1558 2401 lo-

285 2447 403 2497 cam,
424 2438 563 2487 datur.
579 2437 680 2485 Hoc
691 2435 809 2484 enim
828 2434 872 2481 in
884 2434 959 2481 illo
970 2430 1323 2496 speciofiffimum
1341 2427 1424 2490 est,
1437 2426 1559 2489 quod
