1742 2967
283 190 384 259 DE
437 209 913 256 CLEMENTIA
960 207 1095 254 ΜΒ.
1143 210 1176 254 1.
1309 223 1363 269 23

88 319 165 367 dio
182 318 335 366 exsilio
351 318 598 374 damnavit,
614 318 737 365 causa
751 316 951 381 cognita,
972 332 1105 362 nemo
1118 333 1210 363 non
1224 316 1369 379 suspe-

86 394 176 451 xit,
193 393 317 457 quod
339 405 570 439 contentus
596 391 770 447 exfiliO,
790 402 834 436 et
852 389 1002 435 exsilio
1028 390 1237 445 delicato,
1256 387 1371 434 Mas-

88 468 200 515 filiae
227 467 490 530 parricidam
517 465 763 523 continuit,
799 476 842 511 et
873 480 1013 510 annua
1040 463 1102 509 illi
1136 462 1371 526 praestitit,

88 553 246 599 quanta
271 540 485 602 praestare
506 539 681 602 integro
701 539 877 585 solebat.
908 538 1028 583 Haec
1050 536 1283 583 liberalitas
1301 535 1371 582 ef·

87 611 215 668 fecit,
251 622 299 657 ut
316 611 359 656 in
373 627 460 674 qua
487 610 664 657 civitate
680 626 902 671 nunquam
925 609 1043 655 deest
1063 621 1275 671 patronus
1296 625 1372 671 pe·

88 683 283 741 ioribus,
305 700 440 745 nemo
470 682 716 739 dubitaret,
748 682 856 745 quin
883 697 983 729 reus
1006 682 1168 728 merito
1201 682 1373 728 damna-

87 768 155 803 tus
180 755 309 813 esset,
328 772 460 818 quem
481 755 516 802 is
534 767 659 818 pater
679 755 885 801 damnare
905 755 1115 817 potuisset
1129 788 1141 810 ‚
1161 754 1236 817 qui
1262 754 1374 800 odis-

87 828 130 875 se
148 845 240 875 non
260 842 445 891 poterat.
468 832 569 876 Hoc
589 829 685 893 ipso
704 830 911 892 exemplo
937 831 1069 885 dabo,
1088 848 1219 893 quern
1246 847 1375 877 com-

86 921 212 967 pares
238 905 362 950 bono
387 905 500 968 patri
529 905 697 951 bonurn
724 905 990 968 Principem.
1025 905 1296 969 Cogniturus
1321 904 1376 951 de

88 976 183 1023 filio
199 978 253 1024 T.
273 978 428 1036 Arius,
446 979 686 1027 advocavit
704 980 746 1025 in
770 978 1001 1026 consilium
1030 979 1262 1042 Caesarem
1283 983 1377 1026 Au-

87 1049 271 1113 gustum.
295 1051 419 1098 venit
440 1051 484 1097 in
508 1051 704 1114 privatos
731 1064 931 1115 penates,
959 1052 1135 1111 assedit,
1159 1069 1253 1115 pars
1268 1053 1376 1100 alie-

87 1123 134 1167 ni
166 1121 338 1169 confilii
366 1123 460 1170 fuit.
490 1124 594 1169 Non
617 1124 753 1181 dixit,
779 1127 921 1171 Immo
943 1124 989 1171 in
1017 1141 1160 1171 meam
1188 1125 1373 1171 domum

87 1196 248 1243 veniat.
291 1197 432 1257 Quod
461 1194 683 1242 fi'fa&um
721 1195 851 1251 esset,
882 1196 1078 1243 Caesaris
1109 1195 1256 1242 futura
1284 1208 1375 1244 erat

89 1268 311 1330 cognitio,
335 1285 427 1315 non
448 1267 594 1330 patris.
627 1268 786 1316 Audita
815 1272 959 1325 causa,
984 1269 1257 1333 excuffisque
1277 1287 1380 1317 oms

87 1341 215 1388 nibus
231 1377 244 1398 ‚
274 1355 320 1389 et
349 1341 415 1388 his
435 1358 547 1404 quae
574 1339 827 1388 adolescens
852 1358 934 1403 pro
956 1340 998 1388 se
1023 1342 1215 1400 dixerat,
1243 1356 1286 1388 et
1307 1343 1374 1389 his

88 1414 246 1477 quibus
275 1413 564 1477 arguebatur,
591 1412 724 1474 petit,
752 1428 802 1459 ut
827 1412 1082 1460 sententiam
1108 1412 1228 1459 suam
1255 1414 1374 1476 quis-

87 1504 174 1545 que
205 1487 438 1535 scriberet:
467 1503 522 1533 ne
551 1502 601 1532 ea
625 1485 828 1532 omnium
860 1485 1010 1543 fieret,
1039 1503 1150 1550 quae
1178 1486 1373 1533 Caesaris

88 1559 244 1608 fuisset.
275 1561 452 1608 Deinde
474 1560 726 1624 priusquam
758 1560 1031 1623 aperirentur
1062 1560 1275 1620 codicilli,
1306 1560 1372 1608 iu-

87 1632 204 1679 ravit
232 1632 274 1679 se
293 1634 350 1680 T.
378 1632 470 1678 Arii
490 1632 681 1679 hominis
704 1631 938 1694 locupletis
969 1633 1252 1680 hereditatem
1278 1650 1371 1680 non

88 1705 326 1752 aditurum.
362 1706 499 1753 Dicet
525 1705 708 1767 aliquis,
742 1705 897 1768 pusillo
929 1706 1092 1754 animo,
1121 1706 1292 1762 timuit,
1318 1723 1375 1754 ne

90 1776 316 1823 videretur
347 1776 497 1823 locum
528 1776 619 1839 spei
650 1777 746 1824 suae
775 1776 943 1838 aperire
971 1778 1118 1836 velle,
1145 1778 1221 1824 filii
1248 1779 1375 1826 dam-

89 1848 280 1896 natione.
324 1850 418 1913 Ego
448 1861 600 1896 contra
637 1849 788 1896 sentio.
831 1850 1031 1909 Quilibet
1064 1851 1260 1899 nostrum
1291 1852 1371 1899 de-

89 1920 246 1967 buiffet
263 1922 470 1971 adversus
487 1923 725 1985 opiniones
747 1923 951 1987 malignas
972 1924 1071 1972 satis
1090 1925 1275 1974 fiduciae
1296 1927 1372 1973 ha-

90 1994 194 2040 bere
221 1994 267 2040 in
301 1997 419 2042 bona
446 1996 711 2043 conscientia
745 2015 756 2043 :
791 1994 1013 2060 Principes
1045 1999 1180 2046 multa
1209 2000 1373 2047 debent

90 2067 220 2113 etiam
247 2066 386 2115 famae
419 2068 533 2115 dare.
569 2068 731 2114 Iuravit
757 2069 799 2115 se
831 2086 922 2115 non
945 2071 1164 2117 aditurum
1197 2073 1371 2118 heredi-

90 2153 237 2188 tatem.
271 2142 402 2188 Arius
421 2142 598 2204 quidem
624 2142 783 2189 eodem
804 2143 875 2189 die
895 2156 939 2191 et
961 2144 1142 2192 alterum
1162 2146 1370 2193 heredem

91 2213 280 2276 perdidit
295 2247 308 2269 ‚
333 2215 406 2261 sed
427 2215 583 2263 Caesar
606 2215 848 2263 libertatem
871 2217 1107 2265 sententiae
1126 2218 1225 2265 suae
1244 2219 1370 2266 rede-
1427 2208 1440 2215 ’

91 2287 204 2333 mit:
232 2300 276 2332 et
299 2287 530 2352 postquam
557 2288 821 2351 approbavit
844 2290 1072 2352 gratuitam
1099 2290 1182 2337 effe
1205 2290 1377 2339 severi-2

92 2371 226 2406 tatem
257 2361 401 2418 suam,
429 2362 553 2425 quod
581 2361 772 2424 principi
804 2360 976 2426 semper
1004 2364 1245 2411 curandum
1276 2363 1337 2411 est
1356 2399 1374 2422 ,

93 2433 229 2491 dixit,
260 2435 540 2498 relegandum
563 2472 577 2494 ,
609 2451 702 2499 quo
734 2436 847 2499 patri
877 2436 1111 2484 videretur.
1147 2439 1255 2484 Non
1289 2455 1374 2486 cu·-

90 2504 235 2565 leum,
258 2523 353 2558 non
380 2507 600 2575 serpentes
609 2542 626 2570 ,
658 2524 750 2559 non
778 2524 997 2559 carcerem
1027 2510 1251 2621 dgcrevit:
1273 2524 1377 2567 me}

1115 2592 1146 2635 4
