1742 2967
291 153 295 173 ⁴
349 149 452 219 DE
495 169 929 220 BENssmcus
980 171 1109 218 ΜΒ.
1160 171 1237 217 v1.
1339 185 1393 231 27

156 292 326 340 cunque
357 275 481 322 sortis
515 276 726 322 humanae
748 274 938 337 ¹[evitate
971 290 1062 322 uno
1092 274 1195 321 loco
1225 290 1432 336 perman-

153 350 276 396 surae
303 367 313 394 :
338 363 448 411 quae
479 364 571 411 quo
590 349 778 400 maiores
797 346 980 405 fuerint,
1004 347 1092 394 hoc
1114 348 1329 393 minorem
1355 348 1431 393 ha-

154 423 318 468 bebunt
346 420 574 467 invidiam.
612 421 963 482 Quid-tanquam
997 434 1077 466 tuo
1108 420 1285 483 parcis?
1316 421 1428 466 Pro-

155 505 331 541 curator
350 510 407 540 es.
422 494 585 540 Omnia
603 493 678 538 ista
692 508 802 556 quae
821 508 904 540 vos
922 493 1133 550 tumidos,
1151 506 1194 539 et
1214 490 1337 555 supra
1351 493 1426 540 hu-

155 583 283 613 mana
298 566 433 612 elatos
452 565 654 613 oblivisci
674 577 835 629 cogunt
850 564 1016 611 vestrae
1030 564 1291 629 fragilitatiS,
1310 583 1424 629 quae

155 638 306 686 ferreis
344 636 533 685 claustris
558 637 796 697 custoditis
832 637 1017 693 armati,
1053 654 1162 701 quae
1194 655 1248 684 ex
1284 639 1429 686 alieno

140 711 362 775 ‘sanguine
387 724 507 773 rapta
527 710 670 756 vestro
702 707 957 765 defenditis;
991 724 1169 772 propter
1195 727 1305 774 quae
1326 709 1429 757 clas-

155 781 217 828 ses
237 793 530 829 cruentaturas
555 780 687 826 maria
710 778 944 835 deducitis,
971 793 1155 840 propter
1172 797 1281 842 quae
1306 782 1431 844 quas-¹

155 854 252 902 satis
286 854 443 910 urbes,
477 855 639 917 ignari,
676 869 883 916 quantum
918 852 1105 898 telorum
1145 852 1190 898 in
1225 856 1432 900 adversos

155 926 332 973 fortuna
359 941 609 987 comparet;
632 938 814 988 propter
840 940 950 988 quae
973 924 1110 987 ruptis
1142 926 1270 972 toties
1293 926 1431 972 affini-

155 998 282 1056 tatis,
312 999 557 1053 amicitiae,
595 998 768 1061 collegii
797 998 1074 1055 foederibus,
1103 998 1216 1046 inter
1245 1012 1430 1047 conten*

157 1072 306 1119 dentes
333 1073 444 1119 duos
464 1085 671 1119 terrarum
699 1072 819 1119 orbis
849 1072 973 1120 elisus
1003 1072 1090 1128 est3
1119 1089 1209 1119 non
1242 1073 1431 1121 suntve-

157 1145 253 1193 stra.
292 1146 338 1191 in
375 1146 557 1208 depositi
590 1146 708 1192 causa
745 1145 868 1204 sunt,
895 1146 978 1190 iam
1008 1146 1182 1209 iamque
1216 1147 1267 1192 ad
1301 1147 1431 1202 alium

157 1219 389 1266 dominum
414 1219 664 1281 speetantiffi
695 1235 766 1265 aut
785 1218 918 1265 hostis
948 1219 1044 1278 ista,
1065 1235 1139 1267 aut
1162 1220 1326 1267 hostilis
1344 1222 1433 1268 ani-

158 1291 220 1337 mi
263 1291 509 1349 succefl'or.‚
542 1292 732 1340 invadet.
769 1291 958 1352 Quaeris
998 1294 1229 1356 quomodo
1260 1294 1331 1340 illa
1360 1307 1434 1340 tua

157 1365 319 1421 facias?
339 1368 462 1413 dono
480 1367 643 1413 dando.
665 1366 854 1413 Consule
878 1382 987 1430 ergo
1006 1368 1131 1413 rebus
1150 1367 1259 1425 tuis,
1279 1381 1323 1415 et
1343 1384 1432 1415 cer-

157 1454 243 1486 tam
274 1439 351 1485 tibi
380 1456 527 1485 earum
560 1453 689 1502 atque
716 1440 1096 1503 inexpugnabilem
1127 1440 1429 1503 poffeffionem

158 1528 284 1573 pata,
307 1510 579 1557 honestiores
603 1512 693 1557 illas
723 1528 812 1556 non
843 1511 1004 1570 solum,
1030 1512 1102 1559 sed
1127 1513 1307 1560 tutiores
1337 1512 1430 1561 fac·

157 1598 294 1632 turus.
319 1584 426 1631 illud
454 1586 576 1648 quod
605 1585 780 1648 suspicis
800 1617 814 1640 ‚
849 1601 940 1649 quo
969 1600 1012 1633 te
1043 1586 1227 1633 divitem
1264 1603 1313 1634 ac
1346 1603 1432 1650 po-

158 1670 319 1705 tentem
343 1670 465 1720 putas
482 1694 494 1715 ‚
513 1659 721 1720 quamdiu
747 1659 933 1722 poffides
949 1690 962 1714 ‚
983 1659 1059 1706 sub
1088 1653 1268 1705 nomine
1296 1657 1433 1706 sordi-

159 1732 219 1776 do
244 1731 367 1776 iacet.
398 1729 578 1776 Domus
598 1729 658 1777 est
682 1766 693 1788 ‚
718 1731 864 1778 servus
890 1730 950 1777 est
959 1766 974 1789 ‚
996 1730 1165 1777 nummi
1187 1729 1282 1775 sunt
1303 1748 1313 1776 :
1334 1745 1432 1776 cum

158 1803 354 1859 donasti,
380 1803 641 1850 beneficium
673 1804 747 1852 est.

225 1871 299 1924 IV.
320 1877 500 1931 Fateris,
521 1877 686 1940 inquit,
708 1894 789 1924 nos
804 1874 1038 1941 aliquando
1057 1873 1320 1924 beneficium
1340 1889 1430 1921 non

159 1949 319 1996 debere
337 1949 405 2006 ei,
424 1965 447 1994 a
466 1966 557 2011 quo
575 1950 823 2012 accepimus
846 1968 855 1995 :
876 1966 982 2012 ergo
1001 1961 1202 2011 ereptum
1221 1948 1294 1995 est.
1319 1948 1434 1994 Mul-

161 2037 200 2070 ta
221 2023 339 2078 sunt,
369 2036 549 2085 propter
573 2040 686 2086 quae
715 2023 973 2071 beneficium
992 2023 1151 2070 debere
1170 2021 1402 2069 definimus
1422 2038 1434 2067 ε

163 2113 254 2141 non
280 2094 379 2158 quia
404 2095 591 2142 ablatum
608 2131 621 2154 ‚
651 2096 723 2143 sed
747 2097 847 2159 quia
878 2109 1136 2158 corruptum
1167 2095 1239 2143 est.
1264 2094 1435 2157 Aiiquis

162 2183 285 2213 reum
313 2182 383 2212 me
409 2166 630 2213 defendit:
655 2167 725 2214 sed
750 2184 936 2214 uxorem
968 2184 1111 2213 meam
1138 2184 1213 2230 per
1240 2167 1334 2214 vim
1359 2165 1436 2214 stu-

162 2255 248 2301 pro
279 2237 482 2285 violavit.
522 2239 628 2285 Non
657 2238 825 2286 abstulit
857 2238 1150 2297 beneficium,
1181 2239 1254 2286 sed
1287 2255 1436 2302 oppo-

164 2312 311 2358 nendo
336 2310 398 2356 illi
428 2329 578 2375 parem
604 2313 831 2372 iniuriam,
861 2314 991 2361 solvit
1019 2331 1090 2361 me
1116 2312 1266 2360 debito
1296 2331 1305 2358 :
1333 2327 1376 2361 et
1407 2312 1436 2360 si

164 2386 258 2447 pius
282 2381 425 2442 laesit,
451 2402 584 2448 quam
605 2401 701 2432 ante
722 2386 972 2449 profuerat,
998 2384 1095 2432 non*
1112 2399 1278 2433 tantum
1303 2388 1434 2451 gratia

164 2455 472 2518 exstinguitur,
495 2458 566 2504 sed
594 2457 825 2504 ulciscendi
853 2458 1150 2522 querendique
1177 2458 1350 2509 libertas
1370 2459 1436 2519 fit,

228 2524 275 2570 L.
293 2524 412 2568 Arm.
446 2526 623 2572 Seneca.
649 2526 743 2571 Vol.
765 2524 831 2571 II,

1406 185 1423 228 Ξ
